3984 6200
56 5655 59 5680 l

56 5835 59 5920 Ι

58 5973 67 6160 l

207 356 297 424 165
1690 360 1881 422 vlu.
3309 364 3410 430 166

211 467 517 533 adinouttit„
540 480 642 521 non
679 480 803 522 esse
842 481 911 521 ex
943 466 1158 538 Imperii
1211 476 1265 524 et
1307 468 1535 540 reipubl.
1582 470 1753 539 digui-
1784 478 1826 530 Α
1859 486 1978 523 eum
2012 469 2473 526 consummanet·
2512 470 2798 525 lmbcutcnt
2829 475 3091 528 maculam
3129 492 3298 543 neque
3316 496 3414 533 ru-

210 569 325 623 ιιιο,
355 556 492 627 quod
524 555 861 637 venerandus
900 564 955 610 et
988 555 1129 612 inter
1158 556 1493 626 patriarchas
1522 556 1747 614 illustris
1845 575 1984 626 gam.
2022 561 2234 629 qualem
2262 561 2369 615 tuis
2404 570 2648 615 ornatum
2676 571 2726 615 ct
2752 562 3120 617 coulirmatnm
3154 566 3416 623 institutis

204 652 536 720 nicephorus,
564 646 652 721 qui
703 647 1077 723 progloriosae
1116 648 1449 719 sinceraeque
1484 648 1607 705 lidei
1650 649 1745 704 ‹le-
1850 652 2139 721 reliquisti.
2171 652 2372 723 Aspice
2415 662 2470 707 et
2499 653 2624 707 vide·
2645 664 2997 725 congregatos
3033 654 3193 717 lilios,
3222 657 3411 726 quiex

201 741 425 797 (elisione
476 752 506 792 a
567 752 719 792 sacra
778 738 906 793 sede
970 736 1266 807 depulsus,
1324 737 1377 793 in
1432 738 1745 809 longissimo
1847 741 2149 809 propinquo
2176 742 2464 803 venerunt,
2499 753 2621 794 cum
2649 740 2840 810 reliqui
2867 742 3224 809 procultuum
3254 744 3320 796 sd
3355 758 3414 796 se

204 830 375 889 exsilio
418 827 710 884 defunctus
758 836 898 891 erat,
947 828 1313 898 negligeretur
1375 846 1389 885 ι
1456 830 1551 885 sed
1595 831 1742 885 omni
1851 830 2082 884 reditum
2115 839 2432 899 exspectent
2464 846 2479 885 ε
2510 843 2648 900 quos
2681 838 2759 896 ιιι,
2794 832 2941 884 velut
2984 833 3279 900 orphanos,
3303 832 3412 886 noli

202 918 362 977 studio
395 918 692 974 curandum
730 932 871 985 esse,
906 926 969 973 ut
995 918 1237 975 divinum
1270 934 1464 990 corpus
1487 922 1652 992 ipsius
1690 922 1742 978 in
1845 929 1933 974 tun
1986 926 2280 975 moerentes
2323 921 2567 975 absentia
2615 920 2945 989 relinquere.
2978 920 3184 977 liabent
3223 922 3416 976 civitas

202 1010 452 1065 civitatem
497 1018 894 1079 reportaretur.
924 1009 1175 1080 Alioquin
1225 1009 1420 1082 iugratl
1454 1012 1619 1066 animi
1661 1012 1746 1066 vi·
1849 1020 1937 1063 tua
1972 1010 2091 1066 loco
2132 1012 2377 1066 muneris
2419 1012 2794 1082 pretiosissimi
2850 1022 2995 1067 tunm
3044 1013 3414 1068 beatissimum

198 1102 333 1165 timu,
358 1098 550 1169 inquit,
579 1113 686 1154 non
715 1099 1058 1164 evitabimus,
1088 1100 1133 1154 si
1176 1108 1299 1169 post
1327 1109 1555 1155 mortem
1580 1102 1742 1155 etlam
1849 1100 2277 1165 tabernaculum,
2302 1116 2409 1171 que
2443 1101 2610 1170 magis
2637 1117 2798 1171 quam
2825 1104 3037 1175 imperii
3068 1104 3416 1173 amplitudine

198 1196 347 1260 ipsum
392 1190 445 1244 in
473 1187 693 1253 exsilio,
742 1197 996 1257 tanquam
1050 1189 1175 1257 jure
1235 1191 1570 1257 damnatum,
1616 1189 1744 1246 reli·
1848 1202 2039 1247 ornata
2069 1192 2337 1261 glorietur
2373 1193 2712 1265 ct=gaudeat.

200 1280 450 1349 querimus
482 1296 495 1333 z
536 1278 842 1351 praesertim
868 1293 990 1333 cum
1023 1294 1131 1333 non
1165 1279 1483 1349 ignoremus
1525 1295 1619 1335 eos
1652 1282 1743 1350 qui

196 1388 248 1425 tx
298 1384 488 1439 genere
544 1377 708 1424 erant
755 1366 984 1439 insepti,
1033 1370 1086 1424 in
1149 1369 1537 1427 benedictionis
1593 1382 1746 1441 parte

197 1456 435 1523 posuisse,
474 1464 534 1510 ut
583 1442 760 1525 patris
807 1470 929 1510 ossa
983 1466 1106 1525 post
1169 1459 1589 1530 quadringentos
1634 1461 1751 1515 lere

192 1562 342 1603 sotios
376 1561 438 1601 ex
495 1544 744 1619 AEgypte
785 1547 838 1602 in
899 1546 1315 1604 chananitidem
1365 1560 1743 1620 exportarent.

188 1638 321 1705 Quod
364 1653 483 1694 cum
533 1638 609 1694 ita
655 1638 750 1704 sit,
782 1640 1023 1710 nos‚qui
1088 1654 1279 1695 sumus
1342 1641 1564 1710 pietatis
1626 1643 1745 1707 lilii,

192 1729 369 1785 diutius
428 1729 633 1799 privari
662 1731 934 1799 patiemur
962 1731 1143 1787 Patris
1191 1731 1339 1787 illius
1370 1735 1681 1803 praesentia,
1711 1750 1742 1789 a

193 1838 282 1889 quo
306 1820 494 1876 divinis
518 1820 869 1876 documentis
883 1822 1103 1877 enutriti
1127 1823 1351 1878 sumus!
1373 1822 1495 1880 flaec
1527 1825 1743 1894 quidem
1775 1808 1819 1864 Β

191 1911 427 1976 omniunt,
451 1925 591 1981 quas
645 1911 886 1966 intuetur
929 1911 1033 1977 sol,
1055 1912 1268 1967 urbium
1295 1914 1745 1981 praestantissima

192 2012 241 2059 et
284 2004 419 2074 regis
472 2003 703 2069 civitas,
758 2005 902 2059 sacri
956 2005 1111 2061 ducis
1157 2016 1320 2075 atque
1369 2009 1608 2079 pastoris
1661 2010 1745 2065 sui

198 2094 427 2167 reliquias
471 2104 705 2152 sanetas
740 2096 1035 2164 desiderat,
1064 2112 1199 2168 quas
1225 2099 1314 2169 pie
1349 2109 1642 2156 conservet
1687 2109 1746 2157 et

194 2186 329 2243 eolat.
347 2186 535 2259 Sponsi
558 2188 651 2241 sui
686 2186 974 2259 praesentia
1002 2188 1216 2244 fruatur
1250 2204 1475 2246 rursum
1498 2189 1742 2249 Ecclesia

197 2278 337 2347 ipuus
364 2278 770 2347 amantissima,
794 2286 973 2350 eiquo
1005 2278 1499 2350 vivoinjustissima
1521 2281 1745 2351 impera.

198 2369 304 2426 teris
328 2386 483 2427 nanu
527 2371 775 2442 spoliata
805 2369 930 2437 l'uit,
964 2373 1162 2453 mortui
1208 2386 1433 2444 corpus,
1466 2383 1743 2430 annuente

200 2461 397 2519 studiosa
421 2465 673 2534 pastoris
698 2464 1067 2536 imperatrice.
1105 2465 1521 2538 complectatur.
1549 2466 1744 2524 Cernis

203 2554 611 2620 malicorium
645 2553 740 2611 hic
766 2554 1023 2625 populus,
1048 2555 1141 2626 qui
1170 2570 1270 2626 per
1316 2566 1370 2612 te
1400 2571 1627 2614 securus
1683 2560 1739 2614 in

206 2656 301 2699 vm
326 2642 583 2717 religione
622 2643 997 2718 conquiescit,
1032 2647 1336 2702 incredibili
1394 2649 1573 2705 studio
1624 2656 1748 2720 post

208 2745 391 2791 artent
417 2736 580 2793 etiam
616 2750 815 2793 vocem
848 2736 967 2807 ejus
996 2737 1187 2794 audire
1218 2737 1275 2793 in
1302 2737 1498 2809 spiritu
1543 2755 1745 2797 concu-

210 2824 359 2895 piscit?
382 2826 533 2895 Quod
556 2829 606 2887 si
642 2829 1056 2885 tabernaculum
1082 2829 1202 2900 ejus
1236 2839 1448 2887 tautum
1477 2830 1547 2887 ad
1567 2845 1628 2886 se
1655 2847 1743 2888 re·

213 2918 338 2972 ιιιιιιι
381 2920 687 2991 aspexerit,
716 2934 777 2977 se
817 2921 968 2977 illum
1005 2922 1180 2992 ipsum
1231 2922 1500 2992 recepisse
1534 2923 1746 2994 spiran-

215 3000 293 3062 let'tt
330 3010 687 3078 existimabit,
720 3021 775 3068 et
815 3021 1071 3083 tanquam
1128 3015 1443 3071 tbesaurutn
1501 3016 1743 3087 aliquem

213 3103 615 3167 ptuiosissimum
644 3105 909 3161 recondet
932 3115 986 3162 et
1017 3106 1346 3163 observabit.
1370 3107 1465 3163 His
1496 3111 1745 3179 precibus

214 3200 254 3247 ct
274 3195 721 3253 catenationibus
740 3197 1024 3254 celerrime
1066 3214 1130 3253 ac
1150 3198 1510 3257 libentissime
1543 3201 1745 3273 inclyta

211 3287 362 3340 uouit
399 3287 715 3358 imperatrix
762 3306 777 3344 z
810 3289 1157 3358 Perspicuum
1208 3298 1292 3346 est
1328 3293 1495 3355 enim,
1547 3292 1742 3363 iuquit,

214 3375 439 3447 hocopud
481 3395 683 3438 onina
721 3391 971 3454 posteros
998 3383 1218 3438 etmihi
1276 3392 1332 3439 et
1375 3382 1562 3439 liberis
1608 3386 1745 3440 meis

214 3465 370 3524 beeri
397 3471 667 3530 loturum.

274 3558 349 3617 ts.
383 3559 528 3619 'l'onc
557 3571 725 3620 saber
756 3562 998 3619 civitatis
1020 3563 1268 3629 antistes,
1302 3579 1425 3620 cum
1454 3565 1748 3620 sacerdoti·

216 3651 297 3707 bns
333 3663 386 3710 et
428 3657 715 3712 monacbis
766 3657 1131 3726 universoque
1189 3658 1410 3727 populo,
1438 3658 1504 3712 ad
1559 3658 1743 3714 Sancti

215 3742 447 3801 Theodori
491 3747 753 3817 templum
803 3749 1035 3812 accedit,
1080 3750 1135 3802 in
1181 3765 1287 3818 quo
1339 3750 1515 3819 grstia
1575 3750 1746 3819 plenae

220 3833 429 3905 reliquia
469 3837 743 3907 iacebant.
768 3851 974 3907 easque
1020 3853 1143 3893 cum
1176 3831 1523 3893 veneratione
1567 3849 1624 3894 et
1669 3840 1745 3895 la·

218 3927 391 3996 urnis
439 3931 817 3998 complectens,
848 3939 1105 3999 tanquam
1151 3941 1402 3986 sanctum
1445 3931 1621 4001 ipsum
1667 3932 1748 3985 ri-

220 4023 405 4070 reutem
435 4018 511 4073 sic
527 4020 793 4075 allocutus
822 4029 906 4075 est
941 4037 956 4075 z
986 4018 1031 4076 0
1056 4021 1144 4076 vir
1164 4021 1494 4086 beatissime,
1524 4024 1615 4089 qui
1638 4022 1743 4078 eis-

220 4105 324 4158 dem
351 4107 610 4166 laboribus
638 4120 693 4167 et
721 4112 1004 4178 (erumnis,
1029 4113 1230 4182 quibus
1258 4122 1480 4168 sauctus
1505 4110 1743 4169 «loannes

221 4193 636 4267 chrysostomus,
668 4201 885 4259 allectus
924 4218 1004 4269 es,
1036 4204 1180 4259 sicut
1220 4205 1412 4259 eodem
1466 4204 1745 4275 religionis

224 4285 400 4336 studio
454 4296 506 4340 et
575 4289 773 4344 dicendi
840 4291 1091 4346 libertate
1148 4293 1497 4359 praestabam·
1542 4292 1744 4363 quique

235 4372 427 4442 pariter
441 4384 491 4428 et
510 4377 626 4432 sede
642 4380 885 4449 privatus,
913 4391 966 4437 et
992 4381 1251 4437 multatus
1279 4383 1490 4448 exsilio,
1517 4393 1571 4438 et
1600 4384 1739 4439 idem

242 4465 430 4522 trisiuta
483 4470 630 4522 trium
680 4488 941 4528 annorum

246 4549 381 4604 Vivus
405 4563 496 4607 tent
540 4570 768 4615 mortuus
816 4563 1124 4632 transegisti
1156 4580 1170 4615 ι
1218 4577 1359 4617 nuuc
1395 4574 1447 4618 te
1482 4564 1635 4619 uobis
1665 4565 1738 4619 tui

250 4643 573 4701 amissimus
617 4652 1091 4723 restitue.·atque
1142 4653 1270 4710 binc
1320 4653 1623 4720 discedens,
1671 4657 1739 4709 ad

238 4731 429 4798 Nimia
470 4740 581 4800 redi,
618 4750 676 4795 ιιι
730 4754 784 4798 te
818 4758 984 4804 nunc,
1018 4752 1077 4798 ιιι
1111 4743 1287 4815 ipsum
1331 4744 1482 4810 elim,
1515 4746 1741 4814 populus

228 4821 295 4873 tui
318 4827 717 4889 studiosissimus
753 4849 876 4889 cum
908 4834 1105 4905 gaudio
1157 4836 1435 4905 suscipiat.
1460 4834 1579 4890 Tibi
1607 4837 1740 4891 alie-

214 4925 303 4966 nus
339 4931 368 4968 a
403 4915 812 4993 Deoimperator
862 4926 1058 4980 viventi
1098 4926 1411 4982 adversatus
1456 4936 1539 4981 est
1575 4936 1625 4981 et
1687 4937 1739 4981 te

209 5001 237 5054 i·
255 5007 572 5066 considerate
614 5015 683 5069 ab
724 5015 963 5072 Ecclesia
1006 5017 1209 5087 depulit
1242 5034 1258 5071 ι
1294 5019 1387 5072 scd
1426 5018 1614 5088 dignas
1658 5018 1739 5069 lu·

205 5108 312 5149 rore
341 5113 437 5153 seo
474 5117 671 5171 peenas
696 5107 863 5172 dedit.
888 5108 1305 5181 miserandoque
1329 5111 1475 5163 exitu
1512 5110 1738 5180 impet-io

200 5187 341 5244 simut
379 5203 430 5245 et
460 5193 570 5248 rita
602 5196 848 5263 privatus
884 5207 990 5262 est,
1023 5199 1370 5270 audaciaeque
1419 5214 1531 5255 sure
1558 5201 1735 5254 debita

199 5289 389 5342 pramis
423 5283 567 5338 tulit.
604 5283 776 5343 Hodie
810 5287 1181 5360 imperatores,
1219 5288 1329 5345 Deo
1370 5298 1587 5358 propter
1618 5308 1732 5347 tuo·

200 5379 297 5420 ΝΒ
334 5372 593 5440 pietatem
640 5379 974 5446 charissimi,
1005 5392 1218 5437 mortuo
1260 5380 1559 5438 Ecclesiam
1613 5385 1735 5438 retl-

196 5457 332 5526 fin·
360 5477 552 5534 litim,
586 5477 643 5520 ιιι
689 5470 784 5525 tilii
840 5486 937 5540 per
997 5471 1341 5543 Evangelium
1392 5473 1592 5540 effecti,
1623 5490 1736 5528 ute-

240 5637 307 5762 ,ιῐι
338 5642 395 5694 lu
424 5641 653 5699 liertaeis
686 5645 892 5702 Graecis
915 5647 1153 5708 additur.
1184 5649 1242 5705 S.
1267 5649 1498 5720 Sophite.

1018 4475 1249 4543 spatium
1310 4474 1551 4529 extorris
1628 4484 1816 4543 tumn

1922 1326 2012 1383 16.
2048 1328 2180 1382 nane
2202 1341 2336 1381 voce
2361 1325 2525 1385 {lubili
2565 1329 2871 1399 supplicans
2893 1331 3289 1384 saeratissiums
3321 1347 3414 1402 pa-

1850 1420 2084 1475 triarcba
2113 1420 2438 1485 Mctbotlius,
2465 1430 2788 1476 nocturnum
2833 1421 3163 1487 psalmorum
3197 1433 3413 1477 cantum

1847 1519 1903 1565 et
1948 1510 2235 1581 mysticum
2287 1508 2612 1565 saci-ilicium
2655 1527 2778 1567 cum
2820 1512 3018 1581 populo
3066 1512 3207 1568 fideli
3247 1506 3411 1582 pet-'li-

1848 1600 2024 1664 ciens,
2073 1599 2389 1668 praectarum
2439 1615 2471 1656 e
2511 1600 2717 1656 tumulo
2760 1615 2956 1673 corpus
3020 1603 3236 1666 retexit,
3271 1604 3415 1673 quod

1850 1689 2186 1761 undeviginti
2222 1706 2489 1747 annorum
2533 1691 2711 1761 spatio
2734 1691 3022 1763 ‚integrunt
3059 1695 3277 1748 omniuo
3316 1710 3417 1764 pu·

1849 1795 2083 1851 rumque
2111 1790 2427 1836 manserat:
2457 1783 2589 1838 etin
2627 1795 2751 1837 arca
2784 1782 2851 1836 ab
2887 1781 3006 1852 ipso
3060 1784 3413 1852 compositum

1846 1883 1902 1928 et
1939 1871 2280 1928 sacerdotum
2334 1871 2584 1927 manibus
2630 1871 2928 1934 sublatum,
2962 1887 3083 1928 cum
3120 1873 3417 1929 luminibus

1845 1974 1901 2019 ot
1958 1965 2225 2034 frequenti
2276 1964 2606 2034 psalmorum
2647 1973 2811 2019 cantu
2861 1965 2916 2019 in
2980 1967 3157 2019 navim
3204 1967 3271 2019 ad
3316 1966 3418 2022 boe

1850 2065 2096 2125 paratam
2117 2053 2325 2110 illatum
2348 2064 2452 2111 est.
2474 2053 2580 2111 Sed
2603 2069 2725 2111 eum
2752 2055 2951 2110 fretum
2999 2055 3328 2124 trajectseet,
3362 2054 3418 2112 ct

1847 2149 1915 2204 ad
1969 2145 2125 2202 urbis
2175 2147 2328 2202 littus
2386 2142 3153 2218 appropinquasset.Micltael
3202 2147 3417 2216 juvenis

1848 2236 1941 2294 Dei
1988 2253 2118 2293 eura
2180 2237 2499 2306 imperator,
2555 2243 2610 2290 et
2667 2234 3018 2305 amplissimis
3065 2236 3418 2306 dignitatibus

1847 2338 2166 2400 praestantes
2211 2330 2334 2392 viri,
2377 2338 2433 2383 et
2495 2328 2730 2399 patricii,
2787 2336 2843 2383 et
2872 2328 3062 2398 reliqui
3091 2329 3260 2392 cives,
3307 2328 3418 2383 tzctl

1845 2423 2104 2492 facesque
2162 2420 2412 2477 manibus
2455 2429 2724 2486 tenentes.
2749 2421 2966 2477 obviam
3012 2432 3413 2491 processerunt,

1846 2525 1903 2570 ct
1941 2529 2124 2568 arcam
2156 2514 2302 2569 illam
2334 2512 2626 2582 pretiosam
2658 2526 2781 2569 cunt
2829 2511 2934 2568 lide
2968 2528 3033 2569 ac
3071 2514 3417 2569 veneratione

1848 2603 2088 2661 humeris
2103 2603 2217 2660 suis
2244 2605 2562 2670 subeuntes,
2583 2604 2651 2660 ad
2674 2603 2919 2674 Magnam
2945 2618 3115 2674 usque
3136 2612 3417 2673 gestarunt

1847 2695 2155 2760 ecelesiam,
2187 2709 2253 2752 ex
2280 2710 2385 2766 qua
2421 2696 2512 2767 (j),
2542 2692 2815 2766 pontilicis
2842 2696 3110 2767 dignitate
3131 2696 3414 2766 spoliatus,

1845 2786 2055 2856 eiectus
2084 2787 2278 2843 luerat.

1918 2900 2008 2955 Π.
2044 2899 2174 2955 lude
2199 2913 2436 2965 rursum,
2479 2898 2714 2954 assiduis
2773 2899 2903 2954 item
2949 2899 3161 2955 diurnis
3192 2913 3413 2956 noctur-

1848 2992 2042 3063 nisque
2093 2979 2427 3060 psalmoruin
2490 2990 2743 3046 cautibus
2796 2991 3032 3047 vicissim
3089 3002 3326 3055 utentes,
3362 3002 3416 3049 et

1848 3099 1970 3139 cum
2032 3083 2178 3139 omni
2245 3083 2506 3138 luminum
2547 3096 2749 3155 genere
2791 3097 2885 3152 per
2953 3084 3187 3139 mediam
3230 3084 3414 3139 urbem

1849 3174 2023 3242 ipsum
2047 3180 2345 3241 gestantes,
2369 3171 2419 3225 in
2446 3170 2773 3226 Sanctorum
2799 3172 3182 3240 Apostolorum
3212 3176 3415 3244 templu

1847 3261 2206 3317 collocarunt.
2247 3260 2423 3316 'sunta
2449 3272 2631 3316 antem
2670 3264 3185 3318 eratcoucurrentis
3230 3267 3411 3334 populi

1847 3353 2090 3408 virorum
2126 3362 2180 3407 et
2209 3343 2535 3406 seminarum
2567 3362 2730 3421 atque
2761 3361 2980 3406 aetatum
3014 3354 3256 3407 onmium
3278 3357 3418 3408 mul-

1846 3443 2040 3508 titudo,
2071 3451 2132 3495 ut
2169 3443 2440 3496 numerari
2470 3458 2576 3499 non
2631 3451 2836 3512 posset.
2885 3443 2942 3498 ln
2975 3444 3134 3500 biviis
3173 3446 3317 3501 cuitu
3362 3458 3417 3500 et

1847 3532 2169 3603 porticubus
2223 3532 2632 3603 premebantur,
2686 3543 2742 3590 et
2780 3535 2982 3604 ubique
3015 3551 3111 3606 per
3151 3538 3257 3591 vim
3309 3538 3414 3592 sibi

1846 3627 2052 3683 exitum
2112 3626 2382 3695 parabant
2419 3643 2434 3680 ι
2464 3625 2600 3681 adeo
2631 3634 2706 3692 ut,
2743 3627 2993 3697 quamvis
3019 3628 3199 3683 ininttce
3243 3645 3413 3698 prop-

1850 3726 1932 3771 ter
1972 3717 2332 3786 imperatores
2374 3724 2430 3771 et
2492 3718 2803 3772 sacerdotes
2853 3718 3020 3771 variis
3078 3721 3417 3789 temporibus

1847 3808 2193 3863 celebritates
2222 3806 2555 3874 exstiterint,
2580 3808 2746 3863 nulla·
2766 3817 2947 3862 tamen
2981 3823 3107 3864 cum
3151 3810 3253 3864 ltac
3283 3827 3417 3865 cou-

1847 3898 1976 3955 serri
2057 3907 2240 3969 queat.
2312 3898 2567 3954 Nonnulli
2632 3899 2799 3955 ctiam
2869 3900 2923 3954 in
2986 3900 3070 3954 viu
3130 3902 3415 3970 spiritibus

1848 3986 2142 4040 immundls
2183 3989 2387 4051 vexati,
2425 3988 2549 4042 dum
2610 3988 2680 4042 ab
2727 3988 2848 4044 aliis
2893 3990 3409 4061 comprimerentur,

1847 4076 2187 4135 miserandas
2235 4091 2399 4149 atque
2463 4077 2757 4136 maledicas
2801 4094 2964 4135 voces
3009 4082 3327 4139 emittebant
3393 4105 3409 4142 z

1847 4183 2078 4237 quorum
2116 4186 2149 4224 e
2206 4183 2435 4225 numero
2468 4170 2695 4239 quidam
2755 4170 2825 4226 ab
2885 4171 3001 4242 ipso
3034 4174 3210 4229 curati
3261 4185 3409 4230 sunt.

1847 4258 2032 4328 Populi
2066 4258 2232 4327 igitur
2283 4259 2484 4330 impetu
2519 4259 2606 4314 vix
2645 4258 2870 4321 evitato,
2923 4268 3171 4314 sanctum
3221 4262 3412 4317 eximii

1846 4352 2173 4421 patriar-eltze
2238 4366 2436 4422 corpus
2505 4351 2560 4407 in
2625 4349 2979 4410 celeberrimo
3029 4355 3410 4423 Apostolorum

1850 4442 2070 4512 templo,
2095 4443 2267 4499 sacris
2303 4441 2577 4514 mysteriis
2622 4441 2734 4498 Deo
2766 4444 3023 4514 peractis,
3057 4445 3109 4499 itt
3162 4447 3412 4515 sepulcro

1849 4548 2042 4590 recens
2063 4543 2376 4590 constructo
2402 4535 2652 4591 manibus
2699 4534 2873 4605 ipsius
2897 4534 3154 4592 Methodii
3181 4554 3406 4609 compo·

1847 4625 2022 4679 situm
2036 4633 2144 4689 est,
2165 4625 2325 4681 tertio
2362 4624 2489 4681 Idus
2511 4624 2688 4680 Martii
2721 4623 2942 4696 (k),quo
2977 4628 3193 4696 quidem
3222 4629 3309 4684 die
3355 4630 3409 4686 iu

1846 4715 2100 4771 exsilium
2129 4718 2292 4770 etiam
2322 4714 2528 4785 eiectus
2557 4715 2827 4783 luerat,ut
2845 4725 3075 4786 utraque
3110 4733 3168 4775 re
3193 4720 3266 4776 sit
3294 4737 3405 4777 me·

1846 4806 2145 4862 morabilis.

1921 4932 2142 4991 t8.Nos
2196 4941 2401 5002 autem,
2447 4950 2481 4991 o
2532 4933 2754 4990 Petrum
2812 4934 3176 5003 sanctissime,
3234 4954 3268 4992 o
3316 4953 3407 4993 sa·

1842 5040 2061 5081 ererum
2110 5041 2418 5095 prxeconum
2462 5027 2662 5092 decus,
2698 5026 2789 5100 qui
2819 5026 2964 5097 digni
3005 5027 3131 5083 lacti
3185 5042 3404 5096 sumus,

1847 5126 1904 5169 ut
1956 5124 2009 5170 te
2049 5126 2104 5171 et
2162 5125 2475 5175 terrestrem
2531 5117 2856 5173 haberemus
2907 5118 3078 5172 civem
3135 5128 3189 5174 et
3246 5120 3409 5174 coele·

1843 5213 1981 5261 stem
2041 5208 2183 5277 apud
2226 5207 2397 5264 Deum
2448 5208 2886 5272 intercessorem,
2921 5208 2989 5262 ad
3036 5223 3219 5265 arcam
3260 5220 3405 5265 tuam

1841 5307 1963 5348 cum
1994 5294 2267 5350 desiderio
2304 5295 2633 5362 accedimus,
2673 5310 2906 5366 eantque
2942 5312 3069 5352 eum
3127 5300 3272 5354 omui
3320 5313 3406 5353 ve-

1842 5384 2124 5439 neratione
2177 5386 2621 5455 complectentes,
2672 5388 2772 5443 lias
2817 5388 2911 5442 tibi
2964 5402 3124 5445 voces
3172 5389 3404 5445 effundi-

1843 5489 1963 5529 tuus
2000 5492 2013 5528 t
2045 5474 2091 5529 Ο
2117 5475 2426 5531 sublimium
2448 5487 2504 5532 ct
2537 5494 2864 5536 arcanorum
2886 5482 3265 5553 mysteriorum
3297 5482 3406 5536 ius·

294 5713 572 5780 >Additur
625 5717 674 5771 iu
703 5719 909 5772 eisdem
967 5717 1223 5775 Meuzcis:
1272 5737 1290 5772 ι
1338 5722 1426 5776 ulii
1476 5719 1845 5776 mittiversaria
1877 5716 1994 5789 ejus
2026 5719 2287 5776 memoria
2323 5720 2624 5790 peragitur.
2659 5739 2684 5776 ι
