3984 6200
410 307 550 377 ‘203
1414 307 1475 368 S·
1516 300 1939 368 NICEPHORI
1976 291 2484 359 PATRIARCHAE
2527 289 2634 354 ΟΡ.
3588 283 3703 354 202

446 418 671 478 maehos
710 414 994 488 scripsisse
1043 412 1485 481 Antirrheticos,
1519 427 1679 469 nemo
1709 415 1833 481 post
1876 404 2315 463 sirmondianam
2365 403 2597 474 ipsorum
2643 396 2935 456 editionem
2976 393 3152 454 nescit
3183 411 3199 452 z
3228 399 3602 454 verumtamen
3645 395 3707 454 hi

453 507 586 562 nihil
645 505 849 560 nostris
872 542 890 569 ,
917 510 1113 574 praeter
1141 500 1353 555 titulum
1383 508 1437 554 et
1478 507 1873 569 argumentum,
1903 492 2081 549 simile
2111 492 2328 546 habent.

526 590 615 648 tv.
656 591 926 647 caeterum
959 596 1087 644 ante
1138 585 1516 641 Antirrheticos
1540 624 1557 651 ,
1584 582 1974 653 Apotoqetieum
1999 578 2250 649 majorem
2282 577 2574 645 scripserat
2607 575 2657 644 in
2692 572 2867 629 exsilii
2901 572 3104 643 pariter
3132 570 3318 642 quiete
3347 569 3711 643 Nicephorii-z,

455 691 593 749 opus
648 677 856 746 grande
899 689 965 730 ac
997 673 1253 744 spissum,
1306 669 1611 726 eruditione
1654 668 1910 739 plurima,
1957 664 2371 728 declamatione,
2404 665 2726 728 invectione,
2764 658 3171 731 egressionibus
3224 659 3390 714 etiam
3441 660 3612 714 variis
3658 668 3716 714 ct

434 764 719 836 -eplsodiis
772 762 1064 833 figuratum
1097 768 1259 829 atque
1288 757 1632 813 redundans.
1670 755 1853 825 Stylus
1885 751 2124 807 auctoris
2155 766 2303 814 acer,
2358 758 2469 803 tum
2522 751 2607 802 hic
2639 757 2749 802 tntu
2780 748 2833 800 in
2865 744 3249 810 Antirrheticis,
3273 745 3716 801 adversariorum

460 853 641 906 latera
698 859 758 904 et
810 847 1109 920 praesertim
1131 844 1457 916 copronymi
1487 843 1595 898 alte
1619 841 1956 904 confodiens,
1987 852 2212 907 quornm
2242 835 2447 891 nulium
2470 835 2659 888 vitium
2690 849 2797 888 non
2827 832 3024 887 acerbo
3046 832 3414 887 conviciorum
3447 831 3560 887 sale
3584 846 3718 900 per-

464 936 664 992 fundit.
727 932 1019 990 contendit
1047 932 1193 987 enim
1224 944 1341 997 eos,
1380 938 1579 999 praeter
1615 942 1825 983 morum
1866 924 2248 995 turpitudinem
2279 923 2534 994 graphice
2563 922 2916 990 descriptam,
2946 919 3105 973 niodo
3142 933 3266 973 esse
3296 916 3717 974 Phantasiastas

461 1031 557 1078 aut
619 1018 1023 1090 monophysitas
1050 1025 1103 1073 et
1131 1016 1458 1086 Acepltalos,
1498 1014 1660 1070 modo
1684 1012 1916 1069 Arianos
1945 1018 2038 1064 aut
2065 1009 2388 1065 Manicltaeos
2421 1008 2506 1063 vel
2548 1006 2795 1068 tuda-os,
2830 1005 3028 1061 Christi
3073 1020 3138 1061 ac
3187 1004 3248 1060 B.
3287 1003 3471 1061 hiariae
3533 1005 3718 1062 insen·

462 1107 711 1165 sissimos
761 1105 968 1171 hostes,
995 1102 1272 1167 ethnicos,
1304 1100 1699 1167 Antichristos,
1721 1098 1924 1155 diaboli
1954 1097 2095 1153 filios
2120 1113 2135 1152 ε
2168 1095 2368 1164 passim
2390 1093 2623 1162 denique
2645 1090 2891 1154 stolidos,
2919 1091 3186 1154 ebriosos,
3219 1105 3284 1146 ac
3308 1089 3511 1146 belluas
3529 1091 3723 1161 appel-

462 1197 562 1250 lat.
635 1190 959 1260 Quanquam
991 1202 1186 1260 reapse
1216 1187 1281 1243 ad
1310 1186 1715 1258 copronymum
1751 1185 1897 1255 quod
1923 1184 2118 1240 attinet
2150 1181 2286 1238 nillil
2334 1196 2435 1252 par
2465 1179 2721 1243 foeditati,
2751 1178 2993 1245 saevitia,
3041 1177 3411 1249 impietatique
3455 1176 3572 1245 eius
3608 1179 3722 1231 dici

440 1276 654 1348 potuit.
725 1275 851 1331 iiaaec
883 1288 1207 1339 narro‚=non
1254 1272 1384 1343 quia
1418 1271 1470 1326 id
1500 1280 1607 1326 tam
1633 1271 1928 1328 vehemens
1964 1278 2021 1325 et
2059 1268 2402 1339 prael‘ractum
2453 1266 2824 1323 invectionum
2865 1279 3037 1334 genus
3092 1265 3258 1321 indoli
3294 1279 3427 1320 mere
3463 1265 3720 1335 placeam

464 1362 559 1417 sed
609 1369 670 1417 ut
738 1375 854 1416 rem
898 1367 1060 1431 prout
1100 1371 1160 1415 se
1199 1356 1367 1413 habet
1399 1371 1666 1426 exponam
1711 1374 1725 1411 ε
1756 1371 1880 1411 nam
1916 1371 2016 1409 nec
2042 1356 2216 1411 sancti
2245 1352 2556 1427 Hieronymi
2587 1351 2924 1408 ardentiores
2943 1350 3278 1407 invectiones
3306 1352 3504 1407 imitari
3549 1356 3726 1424 ‘vulgo

445 1447 721 1503 solemus.
752 1444 1075 1515 ·Caeteroqui
1135 1443 1305 1511 aelus,
1356 1443 1529 1501 honor
1558 1442 1761 1500 christi
1785 1450 1878 1498 aut
1909 1442 2125 1499 virtutis
2145 1442 2401 1509 offensus,
2425 1441 2686 1498 solemnia
2729 1438 3004 1504 scandala,
3053 1438 3342 1509 impiorum
3382 1440 3723 1510 triumphus,

463 1535 726 1591 bonorum
769 1531 1172 1601 oppressiones,
1197 1529 1474 1602 religionis
1502 1530 1680 1596 ruina,
1703 1524 2072 1598 'sicginterdum
2094 1538 2402 1585 sanctorum
2425 1529 2635 1583 animos
2664 1526 3021 1591 inflammant,
3045 1527 3151 1581 utii
3173 1527 3470 1595 praesertitn
3488 1529 3579 1597 qui
3607 1528 3728 1582 elo-

462 1621 704 1692 quentiae
755 1619 958 1689 impetu
993 1618 1192 1686 valent,
1207 1617 1444 1688 querelis
1465 1616 2020 1688 etvituperationibus
2034 1618 2153 1673 sine
2174 1616 2333 1672 modo
2359 1613 2508 1669 frena
2535 1614 2799 1670 relaxent.
2824 1612 2941 1669 Jam
2962 1613 3050 1669 hic
3073 1611 3438 1683 Apoloqeticnr
3464 1616 3516 1668 in
3536 1616 3731 1686 priore

467 1708 553 1763 sui
569 1717 748 1778 parte,
770 1706 892 1763 fidei
912 1705 1226 1763 orthodoxae
1246 1706 1663 1777 descriptionem
1685 1705 1945 1770 continet,
1965 1711 2020 1759 et
2036 1709 2364 1773 quantopere
2382 1700 2677 1755 Christiani
2698 1699 2766 1755 ab
2783 1697 3104 1754 idololatrias
3128 1697 3363 1755 crimine
3414 1702 3594 1755 absint
3623 1702 3728 1757 de·-

471 1803 761 1850 monstrat.
784 1794 988 1849 Deinde
1004 1793 1059 1849 in
1089 1793 1264 1849 media
1293 1792 1689 1863 quodammodo
1710 1800 1865 1862 parte
1879 1789 2153 1858 complura
2169 1788 2360 1842 recitat
2385 1799 2664 1842 sacrorum
2692 1784 2987 1841 Bibliorum
3022 1784 3351 1850 testimonia,
3383 1795 3442 1841 ut
3463 1789 3729 1843 ostendat

477 1880 836 1936 idololatriam
862 1895 892 1933 a
922 1878 1393 1951 christoprorsus
1421 1878 1591 1935 fuisse
1612 1878 1964 1942 destructam,
1985 1877 2058 1931 ita
2082 1883 2140 1929 ut
2156 1872 2297 1929 illius
2322 1872 2560 1928 Ecclesia
2583 1870 2782 1926 morbo
2810 1871 2914 1927 boc
2942 1869 3190 1926 laborare
3213 1885 3320 1927 non
3342 1874 3535 1942 possit,
3557 1873 3730 1928 secus

473 1983 535 2022 ac
553 1965 1159 2038 Χριστιανοκατήγοροι
1212 1962 1460 2026 haeretici
1489 1963 1979 2021 calumniabantur.
2000 1961 2136 2017 Tum
2158 1970 2212 2016 et
2232 1960 2334 2015 alia
2365 1958 2674 2015 scribuntur
2700 1958 2956 2028 plurima,
2978 1973 3099 2029 quae
3125 1958 3298 2015 ferme
3322 1976 3352 2015 a
3381 1961 3626 2032 capitulo
3651 1962 3727 2019 65

467 2053 791 2116 ordiuntur,
812 2051 878 2106 de
914 2051 1109 2108 ritibus
1136 2050 1328 2116 variis,
1361 2050 1569 2122 figuris,
1595 2050 1962 2114 tabernaculo,
1990 2064 2140 2113 arca,
2160 2048 2531 2117 praecipueque
2546 2046 2612 2102 de
2640 2045 3071 2102 cherubinorum
3102 2047 3298 2116 positis
3318 2048 3372 2101 in
3403 2062 3463 2102 ea
3497 2048 3666 2104 sormi
3704 2087 3723 2115 ,

468 2144 523 2188 et
560 2134 627 2190 de
668 2134 1014 2191 Salomoniee
1074 2136 1275 2209 templo
1305 2136 1538 2208 ejusque
1573 2137 1745 2193 sacris
1793 2134 2209 2192 emblematibus
2237 2142 2327 2187 aut
2359 2134 2691 2188 ornamentis
2722 2131 2926 2188 dicitur
2949 2147 3114 2205 :quae
3150 2134 3332 2189 omnia
3366 2134 3509 2190 sacri
3540 2136 3730 2192 cultus

469 2237 686 2290 genera,
717 2224 784 2278 ad
811 2237 1091 2304 sacrarum
1118 2222 1413 2294 imaginum
1447 2224 1777 2278 suadendam
1809 2224 2220 2276 venerationem
2246 2228 2437 2275 auctor
2459 2218 2646 2274 trahit.
2677 2218 2813 2275 Tum
2847 2218 3031 2276 multis
3062 2218 3367 2289 huiusmodi
3389 2221 3726 2292 disputatis,

467 2310 929 2378 praescriptionem
960 2309 1193 2379 denique
1215 2311 1651 2379 octingentorum
1676 2323 1944 2364 annorum
1973 2308 2186 2377 arripit,
2210 2304 2275 2360 ab
2295 2305 2546 2361 Ecclesiae
2571 2305 2881 2376 primordiis
2904 2319 3080 2377 usque
3104 2309 3173 2362 ad
3194 2315 3406 2364 aetatem
3435 2325 3588 2364 snam
3611 2329 3630 2376 ;
3669 2320 3725 2365 ut

470 2397 601 2450 hinc
633 2397 950 2463 concludat,
975 2396 1236 2451 honorent
1258 2397 1431 2451 sacris
1468 2395 1794 2464 imaginibus
1822 2398 2026 2462 absque
2052 2408 2222 2449 sacrae
2259 2392 2596 2462 antiquitatis
2623 2393 2969 2449 accusatione
3001 2392 3189 2463 negari
3221 2409 3325 2450 non
3358 2409 3534 2465 posse.
3570 2393 3726 2450 ‹lx-nt-

470 2497 600 2538 vero
665 2496 787 2537 cum
823 2498 852 2537 a
909 2481 1198 2553 Nicephori
1276 2484 1604 2551 temporibus
1636 2497 1808 2551 usque
1855 2482 1922 2536 ad
1948 2490 2134 2537 nostra
2163 2480 2284 2548 plus
2308 2492 2468 2548 quam
2503 2478 2648 2534 mille
2675 2478 2803 2534 anni
2838 2478 3198 2548 decurrerint,
3230 2492 3612 2551 perseverante
3645 2486 3728 2539 in·

471 2569 631 2623 terim
696 2568 837 2638 apud
888 2566 1203 2628 Catltolicos
1252 2581 1532 2624 sacrarum
1568 2569 1858 2639 imaginum
1889 2567 2255 2631 veneratione,
2288 2566 2532 2635 sequitur
2553 2573 2610 2621 ut
2640 2565 2974 2636 praescriptio
3008 2565 3176 2624 multo
3206 2569 3383 2625 adltttc
3424 2569 3726 2640 longaevior

473 2654 629 2710 nobis
682 2652 862 2708 faveat
887 2655 1146 2710 adversus
1168 2653 1461 2710 hodiernos
1490 2654 1900 2710 occidentalium
1934 2654 2206 2724 regionum
2238 2653 2643 2718 lconomachos,
2671 2653 2760 2723 qui
2793 2667 2823 2708 a
2852 2654 3105 2710 damnato
3149 2653 3240 2711 illo
3272 2670 3458 2712 errore
3481 2659 3723 2712 nondum

471 2740 968 2810 discedttnt.Atque
1000 2740 1055 2795 hi
1078 2741 1305 2807 utinam,
1336 2750 1535 2808 praeter
1566 2739 2140 2812 Nicepltorum,legant
2169 2739 2326 2795 docili
2361 2739 2734 2809 animomagni
2764 2740 3048 2810 Augustini
3081 2741 3230 2797 loces
3269 2743 3528 2798 classicos
3570 2744 3722 2798 circa

471 2829 728 2882 ltonorem
774 2825 875 2881 SS.
895 2835 1191 2898 martyrum
1224 2825 1398 2896 Dec.
1429 2826 1497 2881 D.
1531 2827 1626 2882 lib.
1656 2843 1769 2892 xtx,
1802 2842 1921 2896 cap.
1959 2826 2081 2891 ult.,
2125 2842 2330 2881 necnon
2359 2827 2603 2881 eumdem
2642 2824 2837 2881 contra
2859 2824 3123 2880 Faustam
3147 2826 3480 2884 Monichdilt.
3501 2829 3678 2890 1131
3706 2833 3720 2884 l

544 2912 608 2967 V.
643 2914 756 2982 Age
788 2926 939 2980 vero,
971 2915 1191 2982 quinam
1223 2927 1375 2968 meus
1404 2914 1458 2967 in
1485 2913 1588 2968 ltoc
1613 2914 1820 2970 edendo
1849 2912 2150 2983 Nicephoro
2171 2912 2325 2967 labor
2359 2911 2542 2978 suerit,
2569 2911 2604 2966 ii
2637 2911 2798 2968 facile
2821 2913 3185 2978 aetimabunt,
3220 2914 3311 2984 qui
3343 2915 3528 2985 pluri-s
3585 2930 3721 2971 eru-

476 3003 621 3056 ditos
652 3016 841 3054 saxum
872 3001 924 3055 id
958 3012 1180 3055 versare
1214 2998 1428 3054 molitos
1456 3000 1655 3065 sciunt,
1682 3001 1776 3055 sed
1826 3000 2208 3068 defatigatione
2237 3008 2332 3053 aut
2377 2998 2635 3068 impensis
2666 2999 2955 3055 deterritos
2992 3001 3298 3056 abstitisse.
3329 3001 3462 3056 Nam
3523 3017 3727 3073 praeter

474 3077 822 3149 Bandurium,
842 3085 1146 3141 Turrianus
1166 3086 1351 3154 etiam,
1381 3085 1623 3152 Crusius,
1645 3086 2022 3152 combefisius,
2053 3094 2308 3155 atque,ut
2337 3087 2515 3150 audio,
2545 3085 2795 3150 Allatius,
2829 3085 2896 3142 de
2926 3087 3166 3143 editione
3217 3087 3319 3144 hac
3372 3089 3725 3172 cogitarunt3

474 3187 529 3230 et
563 3174 811 3230 Petavius
837 3174 951 3242 ipse
980 3172 1190 3227 nonnisi
1214 3172 1377 3227 breve
1399 3171 1757 3244 fragmentum
1799 3172 2038 3245 protulit.
2072 3172 2232 3228 Certe
2254 3173 2323 3227 ad
2351 3170 2599 3227 Latinam
2630 3172 3038 3230 translationem
3065 3176 3214 3245 quod
3266 3177 3461 3233 attinet
3486 3217 3502 3241 ,
3554 3194 3722 3248 quant

478 3262 706 3317 dirersis
729 3260 1060 3329 temporibus
1094 3259 1235 3313 inter
1261 3259 1440 3314 varias
1464 3260 1862 3328 occupationes,
1881 3269 1936 3314 et
1971 3261 2131 3313 modo
2159 3259 2213 3321 in
2249 3259 2400 3326 urbe,
2430 3259 2589 3314 modo
2617 3260 2967 3330 peregrinans
3001 3298 3017 3327 ,
3061 3263 3388 3331 scriptitavi,
3445 3278 3532 3318 res
3593 3269 3724 3334 qni-

478 3352 601 3403 ‹iem
644 3364 737 3419 per
778 3363 838 3403 se
901 3347 1127 3401 molesta
1156 3356 1211 3401 et
1235 3347 1442 3415 prolixa
1472 3348 1685 3403 taedium
1720 3349 1995 3417 ingerebat
2029 3364 2044 3403 τ
2077 3346 2285 3417 perstiti
2314 3357 2512 3410 tamen,
2537 3362 2844 3418 quanquam
2874 3349 3056 3405 multis
3085 3350 3222 3406 locis
3248 3361 3471 3421 propter
3510 3354 3726 3408 tlteoln·

482 3440 655 3502 picam
681 3433 881 3489 Graecae
918 3433 1121 3489 scholae
1148 3432 1490 3499 locutionem,
1524 3434 1768 3503 aliasque
1808 3434 2072 3499 salebras,
2105 3447 2211 3488 non
2247 3447 2371 3489 raro
2407 3435 2728 3498 aestuabam,
2762 3449 2939 3507 neque
2969 3452 3054 3491 me
3080 3452 3294 3509 semper
3317 3454 3430 3495 rem
3482 3438 3721 3496 feliciter

482 3519 722 3589 gessisse
754 3527 993 3571 autumo.
1026 3516 1169 3572 Sane
1195 3514 1482 3583 Nicephori
1512 3516 1695 3572 stilum
1738 3517 1985 3582 Pliones,
2010 3518 2134 3575 cod.
2162 3516 2251 3584 63,
2282 3519 2336 3572 in
2369 3518 2561 3589 primis
2589 3519 2774 3575 laudat
2814 3539 2828 3575 ε
2875 3520 3206 3596 Καλλιλεξίᾳ
3235 3539 3300 3577 τι
3352 3524 3450 3579 καὶ
3479 3526 3726 3603 novun-cg

483 3604 642 3672 λόγου
668 3602 1026 3673 κεχρημένος,
1050 3603 1140 3673 οἵᾳ
1166 3602 1233 3656 ἂν
1253 3602 1518 3672 χρήσαιτο
1540 3601 1569 3653 ὁ
1619 3602 1909 3674 ῥητορικὸς
1945 3602 2023 3666 ὡς
2065 3602 2283 3675 ἀληθῶς
2333 3604 2429 3659 καὶ
2459 3603 2674 3671 τέλειος
2701 3606 2845 3679 ἀνὴρ
2895 3624 2914 3663 2
2962 3607 3045 3663 Ea
3073 3612 3347 3665 rethorum
3379 3622 3652 3668 uertuntute
3677 3626 3724 3670 et

474 3689 742 3743 orationis
775 3688 1145 3756 compositione
1193 3688 1380 3751 utitur,
1415 3687 1622 3757 quatem
1657 3687 1925 3743 aditiberet
1968 3689 2232 3760 perfectus
2263 3693 2473 3746 omnino
2509 3700 2711 3748 orator.
2768 3692 3021 3751 Profecto
3063 3711 3232 3766 purus
3261 3707 3348 3754 est
3373 3697 3722 3755 hellenismi-s

486 3775 793 3845 Nicepltori,
828 3774 1116 3829 artificiosa
1138 3783 1201 3829 ·et
1227 3784 1414 3829 ornata
1438 3773 1689 3839 elocutio,
1724 3790 1828 3830 non
1858 3785 2038 3832 tamen
2069 3776 2236 3834 Attici
2264 3779 2478 3849 generis
2542 3781 2639 3836 sed
2671 3780 2858 3839 Asiani
2893 3799 2911 3851 ς
2946 3782 3056 3839 imo
3110 3799 3216 3841 non
3263 3786 3432 3842 semel
3478 3797 3538 3843 ut
3591 3788 3723 3843 milri

485 3863 702 3928 «pridem
735 3861 949 3916 videtur
998 3859 1292 3932 tautologia
1330 3873 1563 3931 peccans
1593 3859 1675 3914 vel
1697 3861 1886 3917 saltem
1918 3863 2267 3935 perissologia
2302 3884 2316 3921 ε
2352 3881 2476 3921 nam
2506 3867 2834 3925 sententiam
2863 3870 3033 3926 semel
3061 3871 3290 3940 dictam,
3320 3873 3426 3930 alia
3483 3888 3606 3929 mox
3645 3890 3724 3927 ra·

489 3952 633 4005 tione
674 3947 924 4018 replicat,
984 3945 1318 4003 multimodis
1345 3955 1641 4001 commutat
1673 3948 1728 4003 e't
1758 3956 1947 4015 ‚versat
1976 3965 1990 4003 ε
2022 3959 2074 4005 et
2098 3952 2239 4022 quod
2263 3952 2353 4008 alii
2392 3968 2498 4008 uno
2526 3962 2797 4013 commate
2827 3956 3166 4027 clauderent,
3218 3959 3266 4015 is
3309 3959 3524 4032 integro
3551 3960 3720 4016 inter·

484 4041 613 4093 dum
674 4036 879 4107 periodi
915 4035 1121 4092 ambitu
1169 4026 1461 4104 expandit3
1494 4033 1745 4106 quodque
1767 4042 1923 4091 antea
1954 4036 2189 4103 dixerat,
2215 4037 2398 4093 multis
2414 4038 2610 4096 deiude
2636 4038 2977 4111 interpositis
3006 4042 3061 4099 in
3094 4059 3322 4100 scenam
3348 4047 3526 4102 denuo
3563 4050 3713 4101 retae

484 4125 580 4179 eit.
612 4123 926 4192 Aliquando
951 4121 1116 4176 etiam
1150 4120 1236 4175 vel
1265 4119 1432 4175 nimia
1462 4119 1665 4192 ingenii
1701 4122 1969 4191 ubertate,
2001 4122 2088 4177 vel
2120 4125 2421 4196 anagogico
2451 4127 2748 4198 mysticove
2781 4145 2946 4186 sensu
3001 4130 3276 4202 abreptus,
3323 4133 3398 4188 ita
3442 4150 3535 4204 per
3561 4149 3702 4187 sacra

483 4208 653 4263 Biblia
683 4216 930 4278 vagatur,
965 4215 1024 4260 nt
1058 4218 1196 4272 pene
1225 4202 1418 4263 devius
1450 4217 1605 4262 extra
1638 4222 1792 4262 suum
1839 4209 2170 4278 propositum
2198 4209 2455 4269 deerrare
2497 4213 2763 4270 videatur.
2794 4214 3061 4273 Caeterum
3096 4217 3339 4288 Niceplio
3354 4220 3397 4276 ri
3429 4222 3594 4275 dictio
3617 4235 3708 4274 no·

484 4296 610 4350 bilis
646 4303 748 4356 est,
780 4293 988 4354 utdixi,
1019 4291 1221 4355 suavis,
1255 4293 1504 4359 rotunda,
1537 4304 1589 4349 et
1632 4295 1784 4364 quasi
1807 4296 2132 4364 pompatica,
2163 4297 2462 4366 cujusmodi
2492 4300 2718 4357 dec'ebat
2739 4302 3047 4370 bominem,
3090 4306 3260 4373 omui,
3305 4315 3365 4361 ut
3386 4308 3462 4361 ait
3485 4307 3720 4378 ignatius

486 4379 839 4446 biographus,
897 4375 1300 4445 disciplinarum
1333 4393 1531 4450 genere
1560 4395 1591 4435 a
1631 4380 1862 4450 pueritia
1899 4381 2196 4447 excultum,
2247 4383 2553 4441 scribendis
2603 4388 2850 4456 plurimis
2892 4391 2983 4447 diu
3021 4394 3343 4457 exercitum,
3397 4394 3509 4449 otio
3559 4396 3724 4448 etiam

428 4487 455 4513 s.
492 4465 875 4529 abundantem,
918 4471 973 4517 et
998 4462 1255 4518 librorum
1307 4465 1632 4535 optimorum
1655 4465 1986 4537 supellectile
2008 4466 2150 4524 laute
2169 4469 2518 4527 instructum.
2544 4473 2828 4533 Postremo
2852 4492 2956 4534 non
2984 4494 3160 4537 tnetttrt
3192 4481 3288 4535 sod
3329 4481 3579 4537 Bandurii
3630 4484 3720 4551 ju-

490 4550 687 4603 dicium
723 4562 938 4617 ponam,
968 4549 1021 4604 in
1061 4562 1350 4621 conspectu
1381 4550 1630 4620 cogitatas
1664 4566 1776 4607 suae
1818 4551 2072 4607 editionis
2116 4554 2190 4608 ita
2231 4556 2521 4625 loquentis.
2552 4560 2749 4626 Quanti
2781 4565 3098 4619 aestimanda
3167 4566 3276 4622 sint
3306 4566 3498 4623 isthaec
3533 4583 3720 4639 opera,

490 4637 595 4691 etsi
631 4648 720 4689 rcs
748 4637 859 4706 ipsa
894 4652 988 4707 per
1020 4651 1079 4692 se
1131 4637 1403 4709 loquatur,
1430 4636 1618 4705 paucis
1646 4647 1821 4694 tatncn
1858 4654 2146 4696 recensere
2176 4656 2243 4696 ne
2283 4644 2530 4713 pigeat...
2560 4648 2636 4719 (a)

568 4720 656 4775 Vl.
707 4719 828 4776 «lam
862 4723 936 4795 (c)
986 4726 1177 4779 horum
1207 4722 1499 4792 Nicephori
1532 4736 1753 4793 operum
1789 4726 1997 4783 l'rttctns
2025 4728 2181 4796 paulo
2206 4729 2382 4784 adhuc
2413 4735 2811 4793 numerosiores
2838 4740 3108 4795 recenseri
3130 4756 3353 4811 queunt.
3383 4746 3521 4803 Nam
3551 4747 3730 4815 primo

495 4810 679 4864 insunt
713 4809 1015 4865 testimonia
1048 4809 1352 4879 dogmatica
1420 4810 1486 4866 tle
1514 4809 1636 4865 lidei
1663 4810 1894 4867 indubia:
1920 4814 2261 4877 necessitate,
2289 4815 2355 4869 de
2386 4818 2753 4873 sacratissima
2783 4818 3145 4893 Eucltaristia,
3168 4830 3232 4884 de
3253 4834 3579 4888 auctoritate
3607 4848 3734 4903 per·

503 4896 766 4964 emptoria
794 4895 1008 4951 concilii
1050 4894 1394 4958 oecutnenici,
1428 4896 1494 4952 de
1520 4895 1776 4950 notumne
1799 4896 2055 4953 Ecclesiae
2083 4899 2337 4970 primatu,
2369 4903 2433 4958 de
2471 4905 2800 4976 virginitatis
2837 4908 3062 4977 honore,
3092 4915 3157 4969 de
3197 4917 3408 4987 angelis
3432 4919 3627 4981 inulta,
3677 4930 3734 4975 ct

492 4981 561 5039 de
584 4982 708 5036 aliis
733 4981 848 5053 (d);
878 4999 946 5037 ne
976 4982 1106 5050 quid
1126 4981 1300 5035 dicant
1326 4982 1390 5035 de
1408 4981 1750 5038 invocatione
1773 4993 2110 5052 sant-torum,
2130 5002 2250 5057 quae
2275 4997 2388 5045 toto
2409 4993 2587 5062 operis
2610 5002 2930 5063 argumento
2945 5003 3374 5061 cotntttendatur.
3403 5003 3545 5059 Sunt
3562 5007 3731 5063 etia...

564 5180 643 5316 ‘a
666 5179 926 5305 *τετε
948 5180 2060 5320 ττεεττττττεεττεεε,τετετ·
2170 5191 2488 5317 tatiani:
2521 5203 2682 5266 ττ*
2733 5197 2836 5253 τ’·
2887 5201 2953 5256 τ
3227 5204 3532 5279 “aare

496 5323 660 5403 dorus
713 5319 956 5401 Studita,
990 5334 1150 5401 quem
1193 5335 1293 5375 nos
1311 5320 1546 5402 solicitet·
1582 5322 1684 5376 hoc
1728 5324 1914 5403 cudent
1971 5340 2064 5375 vo-
2198 5330 2320 5411 ο,(ιΙ)
2350 5331 2439 5386 Sic
2472 5347 2684 5416 ex.·gr.
2719 5337 2776 5392 itt
2805 5337 2958 5409 Apol.
2990 5343 3189 5412 majore
3235 5362 3355 5418 cap.
3399 5346 3474 5405 26
3547 5349 3728 5408 initui!

499 5393 700 5447 lumine
748 5389 905 5444 simut
962 5396 1194 5443 edimus.
1230 5388 1351 5443 Futt
1386 5406 1530 5445 entur
1587 5395 1815 5460 aeqttults
1843 5406 1959 5458 ejus
1998 5410 2059 5447 nc
2167 5396 2508 5465 lati-ephorus
2540 5417 2805 5472 ptctorurn
2830 5410 3278 5471 atttiutettsiorutn
3305 5387 3614 5488 usttutiqui
3635 5421 3724 5475 ad·

498 5460 886 5541 satttiliaris,·et
930 5460 1296 5541 art-utunaru'm
1332 5475 1430 5540 pro
1463 5463 1781 5515 orthodoxia
1813 5464 2056 5516 eaatttla-
2165 5468 2269 5521 ltuc
2307 5470 2357 5522 in
2400 5472 2585 5526 Graeca
2621 5473 2859 5533 Ecclesia
2892 5484 3236 5555 perseverat)
3287 5498 3516 5549 quorum
3551 5504 3721 5545 unium

502 5544 677 5583 tarum
705 5544 907 5592 sectus,
934 5538 987 5579 ct
1012 5531 1227 5583 biennto
1250 5541 1375 5583 ante
1409 5528 1555 5582 tllntu
1589 5532 1927 5584 demortuus.
1960 5533 2057 5584 tm-
2162 5553 2284 5590 cnm
2313 5552 2412 5605 ego
2468 5548 2796 5610 asttexeriut,
2846 5550 2967 5616 clus
3004 5553 3418 5622 descriptionem
3469 5558 3564 5613 hic
3607 5574 3722 5615 mm

503 5612 700 5674 gantur
734 5600 873 5668 apud
927 5595 1271 5653 Sir-inondum
1309 5599 1552 5667 epistola·
1582 5602 1806 5654 studitae
1857 5601 1920 5653 :nl
1967 5601 2060 5656 Ni·
2160 5608 2517 5665 subtrahant:
2556 5629 2575 5662 t
2615 5612 2912 5673 Lintcolutn
2945 5619 2997 5673 in
3039 5626 3189 5691 rujus
3221 5626 3399 5683 medio
3431 5644 3586 5697 crux,
3618 5644 3714 5687 st·-
