3984 6200
453 336 558 406 211

1491 342 1553 401 S.
1592 340 2008 402 NICEPHORI
2047 342 2552 402 PATRIARCHAE
2590 341 2697 402 GP.

3601 334 3711 399 212

457 429 786 528 inclyto-rum
851 454 1071 511 Pau-um
1130 463 1440 511 nostrorum
1508 457 1747 529 synodos
1817 456 2245 527 ροιιίωεΑτῶν
2304 455 2572 528 ἀοιδίμων
2628 453 2894 528 Πατέρων
2948 453 3108 530 ἡμῶν
3169 454 3471 525 ὀμ-ηγύρεις
3525 450 3713 508 τέλεον

459 542 741 616 aboleant,
787 562 818 602 a
848 546 1048 618 quibus
1112 561 1208 618 per
1242 557 1556 618 operantem
1611 547 2032 617 loquentemque

460 640 520 693 in
552 639 634 695 eis
683 637 970 709 Spiritum,
1001 644 1313 708 pervenisse
1343 640 1409 694 ad
1441 654 1537 695 nos
1565 638 1731 694 divini
1786 640 2029 711 mysterii

460 723 759 785 veritatem'
788 732 1128 788 manifestius
1182 747 1246 786 ac
1293 731 1601 796 dilucidius,
1640 730 1869 786 firmiter
1912 748 2034 787 cre-

462 820 661 887 dimus,
714 823 849 877 duas
911 823 1166 878 videlicet
1231 822 1285 878 iu
1349 821 1602 893 religiosa
1666 823 1799 878 urbe
1850 822 2032 879 Nicaea

463 914 819 985 Bithynorum
867 913 1185 984 metropoli,
1245 929 1454 969 necnon
1500 915 1645 967 illam
1697 930 1803 986 qua
1865 914 2033 969 cual-

467 1006 637 1058 cedon
696 1005 824 1059 urbs
888 1004 1121 1058 maxime
1174 1004 1467 1077 gloriatur:
1500 1007 1734 1076 denique
1785 1016 1839 1062 et
1888 1008 2034 1062 illam

375 1144 383 1152 ,
468 1108 574 1164 qua
602 1093 918 1164 Byzantium
956 1093 1279 1160 illustratur,
1315 1099 1476 1163 pleno
1519 1096 1893 1165 episcoporum
1933 1112 2036 1149 nu-

376 1197 400 1265 j·
466 1197 621 1238 mero
698 1183 959 1251 insignem
1030 1183 1132 1255 (5),
1180 1185 1250 1239 ob
1310 1187 1482 1254 magis
1548 1187 1825 1257 magisque
1879 1202 2040 1241 coar-

380 1275 391 1312 ?
452 1274 755 1342 ,guendam.
794 1275 1165 1335 sternendam.
1222 1277 1739 1345 proterrcndamque
1789 1277 2039 1346 impicta-

467 1374 577 1416 tem
620 1381 634 1416 ι
679 1363 913 1432 denique
935 1366 1184 1420 conditos
1222 1367 1274 1420 in
1303 1381 1368 1423 ea
1433 1381 1462 1420 a
1521 1367 1657 1422 divis
1678 1367 1929 1425 Patribus
1950 1385 2042 1423 su·-

468 1467 639 1521 pernn
674 1452 855 1507 affiatu
888 1454 1156 1510 instinctis
1180 1470 1414 1512 canones
1445 1465 1610 1525 atque
1638 1458 1866 1527 regulas,
1917 1461 2041 1528 qui-

471 1540 573 1594 bus
592 1540 847 1595 delinitur
880 1542 1280 1611 sapientissime
1301 1552 1466 1613 atque
1484 1543 1807 1613 justissime,
1827 1545 2039 1601 Domini

2132 548 2442 619 fios-:fison
2472 564 2486 577 ·
2521 548 2614 619 ὑφ’
2641 541 2716 603 ῶν
2740 547 2828 602 διὰ
2866 548 2960 602 τοῦ
2989 546 3341 620 ἐνεργοῦντος
3364 545 3461 599 καὶ
3491 542 3714 598 λαλοῦν·

2130 658 2220 704 τος
2248 641 2305 694 ἑν
2357 641 2541 705 αὐτοῖς
2586 639 2734 694 θείου
2778 640 3123 711 Πνεύματος,
3173 636 3576 709 πεφοιτηκέναι
3628 637 3714 700 εἰς

2133 732 2280 802 ἡμᾶς
2300 732 2398 803 τὴν
2414 731 2510 786 τοῦ
2529 731 2676 786 θείου
2698 729 3001 802 μυστηρίου
3025 727 3342 800 ἁληθότητα
3359 725 3715 797 ἐκφανέστε-

2136 839 2227 893 ρον
2249 823 2341 876 καὶ
2367 823 2691 895 τρανότερον
2716 820 2975 891 ἀσφαλῶς
2994 818 3480 892 πεπείσμεθα,τάς
3496 835 3556 871 τε
3572 814 3720 870 κατὰ

2134 911 2370 965 Νίκαιαν
2389 912 2449 964 τὸ
2477 911 2727 979 φιλόθεον
2758 908 2895 964 ἄστυ
2925 905 3446 978 συγκεκροτημένας
3485 902 3657 974 φημὶ,
3689 901 3720 955 ὃ

2134 1003 2250 1057 τῶν
2276 1005 2333 1055 ὲν
2355 1002 2606 1066 Βιθυνοῖς
2633 1001 2758 1056 καθ’
2788 995 2866 1057 ὧν
2895 1001 2957 1054 τὸ
2988 1000 3191 1072 κράτος
3221 997 3347 1068 ἔσχε
3382 995 3619 1056 πόλεων,
3647 995 3721 1046 τὰ

2137 1093 2402 1164 πρεσὸεῑα
2429 1088 2517 1146 οἷα
2539 1093 2604 1163 δὴ
2631 1091 2967 1162 μητρόπολις
2995 1089 3245 1161 φέρεται,
3275 1086 3374 1142 καὶ
3392 1086 3459 1157 ἢν
3476 1084 3537 1140 τδ
3557 1082 3714 1136 Χαλ-

2135 1183 2400 1254 κηδονίων
2421 1184 2580 1253 αὐχεῖ
2605 1182 2844 1254 μάλιστα
2865 1181 3131 1253 πόλισμα,
3162 1179 3257 1234 καὶ
3279 1177 3380 1248 μὲν
3401 1174 3467 1250 δὴ
3503 1175 3601 1229 καί
3617 1173 3722 1228 αύ-

2135 1274 2232 1344 *rhu
2262 1269 2406 1348 ᾗπερ
2438 1277 2472 1346 ἠ
2501 1273 2771 1338 Βύζαντος
2805 1270 3273 1342 ἑγκαλλωπίζεται
3293 1267 3472 1331 πόλις.
3505 1266 3600 1321 ἐπὶ
3645 1264 3726 1336 τῷ

2136 1363 2328 1435 τελείῳ
2351 1364 2459 1417 τῶν
2493 1362 2745 1435 ἀριθμῶν
2773 1361 3234 1435 ὲνσεμνυνομὲνη,
3261 1357 3340 1430 τῷ
3371 1360 3453 1422 εἰς
3487 1356 3726 1410 πλείονα

2136 1456 2238 1526 τῆς
2265 1455 2521 1519 ἀσεδείας
2569 1454 2798 1522 ἔνδειξιν
2843 1452 3159 1525 διερῤίφθαι
3189 1449 3286 1505 καὶ
3325 1446 3724 1518 ἐκκεκρίσθαι,

2137 1548 2233 1601 καὶ
2272 1545 2366 1611 οὓς
2405 1548 2453 1600 οἱ
2493 1546 2613 1600 κατ’
2666 1543 2837 1615 αὐτὴν
2877 1544 3161 1599 θεσπέσιοι
3195 1541 3439 1613 Πατέρες
3479 1540 3728 1610 θεσμοὺς

470 1646 536 1691 ae
565 1631 659 1687 Dei
684 1633 856 1687 nostri
890 1632 1019 1689 Jesu
1054 1632 1257 1689 Christi
1300 1638 1665 1690 venerandam
1698 1638 1749 1691 in
1804 1631 2070 1693 humana‘
2140 1641 2230 1694 καὶ
2273 1625 2472 1709 νόμους
2503 1639 2592 1709 ’τῇ
2648 1635 2865 1708 ἐπινοίᾳ
2910 1637 2976 1707 τῇ
3035 1631 3246 1689 ἀνωθεν
3309 1631 3725 1703 ποδηγούμενοι

470 1723 645 1777 forma
692 1722 980 1795 imaginem
1011 1724 1265 1793 deinceps
1318 1740 1440 1780 esse
1481 1726 1694 1795 publice
1736 1743 2042 1799 proponen-

2140 1727 2596 1796 ὲκπεφωνήκασιν
2624 1740 2639 1755 ·
2672 1723 2765 1794 ὑφ’
2792 1717 2867 1778 ῶν
2891 1720 3248 1792 καθαρίζεται
3279 1720 3560 1790 θεοσόφως
3604 1719 3721 1789 μά-

472 1814 596 1870 dam
623 1812 721 1880 (6),
740 1813 882 1881 quod
906 1814 1113 1883 jamdiu
1134 1823 1312 1870 tamen
1336 1815 1535 1872 lactum
1563 1819 1878 1882 constabat;
1900 1832 2041 1873 coae·
2071 1791 2114 1847 Β
2142 1819 2299 1872 λιστα
2331 1817 2428 1871 καὶ
2453 1815 2812 1882 ὲνδικώτατα,
2841 1814 2944 1886 τὴν
2985 1812 3081 1868 τοῦ
3118 1811 3324 1884 Κυρίου
3351 1809 3507 1882 ἡμῶν
3548 1807 3732 1881 Ἰησοῦ

472 1913 632 1966 tanea
666 1905 810 1958 enim
838 1904 1145 1961 Servatoris
1169 1907 1338 1961 nostri
1366 1908 1689 1977 apparitioni
1729 1906 2040 1979 hujusmodi

473 1989 724 2059 imaginis
783 1989 991 2044 lactura
1034 1991 1135 2047 l'uit
1191 1991 1267 2065 (7)
1297 2008 1537 2062 :agnum
1584 1997 1903 2066 autem,qui
1983 2005 2046 2053 ut

474 2092 634 2152 typus
676 2090 990 2153 assumptus
1019 2082 1220 2149 luerat,
1257 2085 1375 2155 ipsa
1409 2085 1521 2155 jam
1552 2087 1872 2157 splendente
1891 2089 2044 2145 veri-

475 2182 606 2242 tate,
638 2172 842 2253 diutius
887 2188 991 2229 non
1046 2189 1167 2229 esse
1201 2176 1538 2247 ligur-andum
1570 2195 1583 2231 ι
1619 2187 1871 2247 oportere
1897 2180 2043 2235 enim

473 2270 690 2319 veteres·
717 2273 872 2335 typos
898 2265 1243 2333 umbratiles,
1271 2281 1366 2323 ceu
1414 2269 1663 2324 veritatis
1712 2271 1956 2340 symbola
1989 2281 2048 2327 et

474 2355 963 2424 praefigurationes,
995 2372 1305 2428 quanquam
1341 2359 1472 2414 olim
1506 2359 1560 2414 in
1613 2347 1791 2430 pretio
1827 2362 2048 2419 habitos

475 2453 532 2499 et
555 2445 751 2509 cultos,
785 2459 936 2500 nunc
969 2445 1194 2513 aboleri,
1227 2447 1457 2516 gratiam
1494 2456 1674 2502 autem
1706 2463 1819 2518 prm
1845 2448 1950 2505 illis
1983 2464 2050 2506 ac

476 2535 758 2589 veritatem
795 2535 1077 2591 honorari.
1102 2537 1243 2592 Ante
1265 2536 1361 2593 has
1391 2549 1572 2594 autem
1600 2539 1834 2609 synodos
1859 2540 1968 2597 imo
1995 2549 2051 2595 et

475 2638 591 2690 prae
612 2623 763 2692 ipsis,
793 2623 938 2678 illam
973 2640 1075 2695 qua
1102 2625 1347 2696 Ephesus
1381 2627 1538 2683 valde
1566 2629 1811 2697 superbit
1835 2629 1935 2701 (8),
1956 2645 2051 2700 pe·

477 2714 624 2768 nitus
650 2730 962 2784 expungere
1004 2717 1210 2781 volunt,
1236 2733 1356 2787 quae
1383 2719 1857 2790 circumscriptum
1893 2721 2054 2792 plane

476 2803 756 2859 Christum
791 2805 959 2862 Deum
987 2816 1253 2876 nostrum,
1284 2810 1428 2877 quod
1463 2809 1659 2867 attinet
1684 2811 1753 2867 ad
1802 2811 2055 2868 humani-

481 2904 670 2961 tatem,
706 2911 899 2968 magna
959 2913 1093 2955 voce
1158 2900 1470 2969 praetlicavit
1517 2916 1533 2955 ι
1602 2911 1657 2955 et
1712 2917 1807 2957 eos
1851 2903 1942 2972 qui
1999 2902 2055 2957 id

2143 1909 2381 1984 Χριστοῦ
2405 1911 2499 1964 καίΙ
2526 1910 2663 1965 Θεοῦ
2695 1908 3004 1981 σεΰασμίαν
3034 1907 3222 1963 εἰκόνα
3245 1909 3389 1960 κατὰ
3409 1903 3500 1958 τδν
3522 1903 3622 1958 ἀνθ
3633 1902 3738 1976 ρῶ-

2144 2017 2304 2055 πινον
2350 1999 2702 2072 χαρακτῆρα,
2764 1997 2826 2051 τὸ
2869 1995 2931 2062 ἐξ
2984 1995 3194 2050 ἐκείνου
3249 1989 3735 2062 ἀναστηλοῦσθαι·

2145 2095 2283 2165 ὅπερ
2331 2093 2435 2164 ἤδη
2479 2089 2578 2146 καὶ
2619 2088 2789 2146 πάλαι
2845 2087 2949 2159 μὲν
2991 2086 3213 2157 γεγονὸς
3246 2082 3558 2151 διεφαίνετο
3584 2094 3599 2110 ·
3639 2079 3738 2135 καὶ

2145 2185 2257 2257 γὰρ
2304 2181 2591 2256 ἡλικιῶτις
2638 2180 2741 2253 τῆς
2808 2177 2904 2234 τοῦ
2961 2176 3216 2248 Σωτῆρος
3290 2171 3649 2244 ἐπιφανείας,
3699 2172 3733 2242 ἡ

2148 2276 2270 2332 θεία
2294 2275 2433 2344 αὕτη
2461 2272 2669 2346 γραφὴ,
2711 2272 2838 2326 ὅσον
2883 2268 2942 2324 δὶ
2970 2268 3064 2324 τὸν
3106 2265 3280 2340 ἀμνὸν
3311 2263 3373 2330 ὅς
3421 2266 3504 2328 εἰς
3557 2263 3738 2316 τύπον

2149 2365 2473 2439 παρελήφθη
2514 2363 2614 2435 τῆς
2682 2362 2906 2434 χάριτος
2960 2357 3354 2430 ὲπιλαμψάσης
3421 2353 3596 2424 αὐτῆς
3657 2349 3734 2422 μὴ

2150 2457 2402 2530 προϊέναι
2444 2454 2758 2526 περαιτέρω
2804 2450 3233 2522 εἰκονιζόμενον.
3270 2445 3402 2501 Δέον
3433 2443 3547 2514 γὰρ
3583 2435 3734 2496 εἶναι

2150 2549 2278 2612 τοὺς
2337 2543 2603 2608 παλαιοὺς
2641 2543 2740 2614 μὲν
2787 2542 2993 2605 τύπους
3036 2542 3133 2596 καὶ
3189 2539 3291 2604 τὰς
3328 2537 3487 2599 σκιάς
3519 2533 3599 2598 ὡς
3636 2533 3736 2602 τῆς

2150 2634 2411 2707 ἀληθείας
2435 2631 2709 2704 ,σύμὸολά
2733 2647 2793 2685 τε
2843 2631 2936 2685 καὶ
2989 2627 3434 2700 προχαράγματα
3481 2621 3737 2695 τιμωμέ·

2154 2743 2299 2793 νους,
2325 2723 2557 2786 σεπτούς
2583 2738 2644 2775 τε
2669 2708 2766 2775 καὶ
2783 2721 2979 2784 αὐτοὺς
3009 2719 3109 2790 ἠδη
3141 2718 3538 2788 τυγχάνοντας,
3569 2729 3734 2783 περι-

2154 2814 2486 2885 γεγράφθαι,
2536 2813 2636 2882 τὴν
2682 2812 2845 2882 χάριν
2891 2809 2951 2863 δὲ
2996 2806 3441 2881 προτετιμῆσθαι
3498 2801 3739 2863 εἰκότως

2155 2905 2252 2960 καὶ
2271 2904 2369 2975 τὴν
2406 2902 2686 2974 ἀληθειαν.
2727 2899 2842 2972 Πρὸ
2871 2897 3078 2953 τούτων
3115 2897 3173 2951 δὲ
3205 2898 3299 2951 καί
3323 2894 3465 2965 ὑπὲρ
3492 2892 3730 2956 ταύτας,

478 2986 799 3043 vocabulum
838 3003 944 3045 non
973 2977 1262 3046 admittunt
1293 2990 1733 3047 anathematibus
1762 2993 2057 3048 horrendis
2156 2995 2256 3068 τὴν
2282 2996 2367 3063 ἐφ’
2391 2988 2425 3069 ᾗ
2453 2997 2486 3065 ὴ
2519 2993 2785 3065 Ἐφεσίων
2812 2989 2957 3060 μέγα
2982 2992 3190 3061 φρονεῖ,
3213 2987 3396 3043 τέλεον
3414 2982 3726 3044 ἀποσκευά·

454 3081 782 3151 ·supposuit.
819 3079 925 3137 Sed
948 3093 1048 3138 cut·
1088 3096 1225 3150 opus
1251 3091 1335 3137 est
1377 3082 1582 3148 dicere,
1611 3084 1847 3156 synodos
1872 3084 1941 3140 ab
1971 3085 2056 3141 his
2082 3113 2126 3172 C
2161 3090 2376 3156 σασθαι,
2409 3089 2670 3161 ἄντικρυς
2700 3083 3083 3158 περιγραπτὸν
3106 3083 3197 3139 τὸν
3228 3080 3465 3156 Χριστὸν
3485 3080 3580 3134 καὶ
3603 3075 3739 3132 Θεὸν

480 3172 756 3227 subverti?
778 3172 880 3239 Qui
909 3172 1052 3238 enim
1080 3173 1180 3230 toti
1232 3171 1540 3229 Servatoris
1568 3176 1741 3231 nostri
1784 3176 2052 3232 incarnati
2159 3183 2316 3256 ἡμῶν
2349 3182 2492 3237 κατὰ
2527 3181 2591 3235 τὸ
2618 3166 2984 3251 ἀνθρῶπειον,
3035 3171 3441 3246 μεγαλοφώνως
3485 3169 3736 3241 κηρύξα-

482 3263 740 3335 mysterio
755 3262 1139 3318 contumeliam
1161 3262 1388 3328 faciunt,
1413 3264 1576 3319 iidem
1610 3275 2055 3338 nostrosquoque
2161 3292 2281 3341 sav,
2327 3274 2420 3328 καὶ
2457 3272 2585 3337 τοὺς
2629 3270 2705 3345 μὴ
2738 3269 2946 3340 ταύτην
2988 3267 3313 3337 δεχομένους
3355 3263 3455 3337 τὴν
3517 3258 3731 3332 φωνὴν,

482 3367 685 3420 mores,
715 3367 971 3427 canones,
1005 3366 1201 3422 resque
1225 3368 1411 3409 sacras
1443 3365 1815 3412 contemnunt.
2161 3367 2410 3434 φρικτοῐς
2451 3362 2757 3433 ἀναθέμασι
2815 3357 3320 3432 περιδεσμήσασαν.
3379 3356 3489 3409 Καὶ
3537 3350 3593 3404 τί
3633 3350 3740 3422 χρὴ

480 3443 663 3514 λέγειν
703 3441 955 3506 συνόδους
991 3442 1397 3516 ἀνατετράφθαι
1434 3446 1567 3515 παρ’
1599 3446 1814 3515 αύτῶν;
1842 3448 1914 3502 Τὸ
1941 3451 2050 3504 πᾶν
2085 3453 2181 3508 τοῦ
2251 3455 2554 3527 μυστηρίου
2617 3454 2719 3526 τῆς
2756 3454 2852 3508 τοῦ
2893 3453 3148 3524 Σωτῆρος
3189 3444 3504 3519 οἰκονομίας
3576 3460 3740 3512 περὶ·

480 3539 816 3613 υδρίζοντες,
880 3530 1299 3610 ὲκφαυλίξουσιν
1353 3539 1448 3614 ἔθη
1491 3541 1561 3597 τὰ
1616 3542 1739 3599 καθ’
1779 3546 1929 3617 ἡμᾶς
1977 3550 2074 3605 καὶ
2112 3552 2350 3624 θεσμοὺς
2388 3553 2482 3608 καὶ
2515 3550 2863 3623 σεθάσματα.

557 3636 612 3691 7.
640 3634 906 3701 Quoniam
950 3634 1137 3704 itaque
1193 3635 1454 3691 adversus
1500 3635 1705 3691 Christi
1754 3636 2055 3696 Ecclesiam

484 3726 774 3795 divinaque
793 3733 974 3779 nostra
988 3723 1241 3794 dogmata
1261 3726 1604 3795 impudenter
1624 3744 1786 3798 agere
1812 3735 2057 3802 aggressi

485 3826 634 3883 sunt,
688 3831 901 3871 sacram
952 3830 1167 3870 omnem
1223 3817 1535 3884 rejicientes
1591 3821 1958 3889 traditionem,
2004 3834 2059 3879 et

485 3918 674 3963 eontra
711 3906 988 3979 Unigeniti
1019 3907 1357 3978 majestatem
1391 3925 1528 3965 vana
1575 3914 1849 3967 vocabula·
1878 3918 1946 3970 ab
1971 3916 2058 3970 in-

484 4001 823 4057 ‹·redulitatis
849 3999 933 4055 vel
969 4000 1149 4079 potius
1198 4001 1489 4070 apostasiae
1522 4013 1769 4072 parente,
1798 4014 1857 4059 ut
1884 4007 2057 4075 magis

482 4096 701 4167 proprie
754 4095 1062 4167 loquamur;
1086 4102 1300 4165 sumpta
1329 4094 1393 4148 ad
1440 4110 1556 4151 suae
1584 4097 1826 4152 stultitiae
1860 4099 2062 4153 conflr-

490 4188 778 4242 mationem
826 4185 1108 4253 objiciunt,
1137 4186 1253 4239 brec
1270 4194 1547 4254 oporteret
1581 4189 1797 4258 quidem
1828 4203 1925 4243 ceu
1957 4204 2060 4242 nu·

486 4280 694 4347 gzttoria
744 4284 801 4330 et
863 4275 1118 4341 trivialia,
1148 4284 1204 4329 et
1249 4276 1594 4331 insuavitatis
1616 4278 2063 4347 garrulitatisque

2238 3644 2304 3709 ζ’.
2347 3644 2501 3697 Ἐπεὶ
2543 3638 2637 3699 οὖν
2671 3641 2816 3697 κατὰ
2849 3641 2950 3713 τῆς
2984 3636 3224 3712 Χριστοῦ
3269 3630 3606 3702 Ἐκκλησίας
3648 3627 3741 3683 καὶ

2164 3734 2273 3790 τῶν
2301 3735 2465 3788 θείων
2504 3734 2662 3806 ἡμῶν
2709 3733 3001 3803 δογμάτων
3047 3724 3602 3801 ἀπηναισχύντησαν,
3634 3720 3740 3773 πᾶ·

2166 3844 2267 3880 σαν
2305 3826 2457 3897 ἱερὰν
2483 3826 2777 3897 παράδοσιν
2821 3822 3172 3892 διωσάμενοι,
3212 3818 3308 3873 καὶ
3335 3816 3435 3878 τὰς
3461 3813 3608 3867 κατὰ
3637 3813 3736 3879 τῆς

2162 3917 2320 3991 δόξης
2352 3917 2444 3973 τοῦ
2479 3915 2822 3983 Μονογενούς
2881 3915 3035 3986 παρὰ
3075 3913 3170 3967 τοῦ
3211 3909 3423 3981 πατρὸς
3475 3906 3578 3976 τῆς
3611 3906 3736 3959 ἀπι-

2168 4012 2344 4075 στίας,
2378 4011 2579 4082 μᾶλλον
2648 4010 2706 4063 δὲ
2760 4007 3097 4069 ἀποστασίας
3142 4004 3317 4057 εἰπεῖν
3388 3998 3730 4064 οἰκειότερον,

2168 4102 2623 4173 κενολογηθείσας
2666 4100 2848 4172 φωνὰς
2890 4102 2971 4163 εἰς
3029 4096 3325 4171 βεόαίωσιν
3380 4093 3488 4163 τῆς
3530 4085 3726 4143 ἑαυτῶν

2169 4195 2612 4267 προχειρίζονται
2670 4193 3057 4264 ματαιότητος,
3116 4189 3224 4241 ἔδει
3271 4186 3369 4257 μὲν
3412 4182 3612 4243 ταύτης
3652 4174 3721 4237 ὡς
3803 4236 3810 4240 ,

2173 4287 2508 4358 φληνάφους.
2542 4287 2619 4350 ὡς
2663 4284 3021 4355 ἀγυρτὼδεις,
3073 4280 3147 4345 ῶς
3180 4278 3379 4349 ἀηδίας
3418 4276 3518 4331 καὶ
3547 4274 3726 4339 λέσχης

489 4371 665 4438 plena,
702 4376 761 4421 ut
799 4366 974 4430 rudia,
1010 4367 1251 4435 inquam,
1277 4382 1341 4422 ac
1390 4367 1537 4424 latua
1568 4380 1620 4426 et
1654 4371 1893 4427 salsitate
1934 4384 2059 4425 sca·
2094 4375 2139 4431 D
2168 4379 2645 4450 πεπληρωμένας,
2676 4378 2752 4442 ὡς
2779 4374 3144 4435 ἀπαιδεύτους
3181 4370 3279 4425 καὶ
3305 4367 3605 4429 ἀσυνέτους
3650 4358 3736 4415 καὶ

490 4462 682 4525 tentia,
719 4474 819 4514 nec
851 4458 1071 4514 sibimet
1117 4460 1464 4529 cohaerentia,
1499 4473 1556 4518 et
1586 4465 1802 4521 veritati
1846 4479 2060 4520 secum·

489 4567 598 4620 que
643 4550 1022 4621 repugnantia,
1050 4561 1212 4625 atque
1237 4568 1302 4609 ex
1341 4555 1487 4610 omni
1536 4570 1726 4611 errore
1779 4566 2062 4622 concreta,

491 4642 620 4696 talia
680 4642 896 4697 dentum
944 4652 1003 4699 ut
1062 4643 1300 4715 ipsorum
1361 4646 1660 4715 nequitiam
1689 4648 1837 4702 nulla
1883 4649 2063 4703 oratio

491 4735 780 4806 adaequare
799 4746 981 4805 queat,
1012 4745 1197 4806 atque,
1222 4746 1280 4791 ut
1300 4737 1613 4793 summatim
1641 4737 1840 4803 dicam,
1861 4755 1924 4793 cx
1956 4738 2065 4794 limi

492 4826 719 4892 colluvie
766 4838 820 4884 et
849 4829 1157 4900 quisquiliis
1194 4829 1463 4885 inerudite
1490 4829 1912 4901 ignoranterque
1946 4831 2065 4886 col-

404 4950 415 4959 ·
490 4918 651 4983 lecta,
704 4920 842 4984 hanc.
910 4919 1155 4989 inquam,
1209 4934 1431 4989 prorsus
1483 4920 1849 4976 exterminare
1901 4930 2066 4991 atque

490 5007 778 5064 exsufflare
817 5017 1115 5079 oporteret.
1154 5010 1300 5065 Auen
1324 5010 1522 5080 quippe.
1546 5012 1634 5065 isti
1677 5012 1952 5079 inornate,
1983 5022 2065 5066 te-

490 5117 641 5158 mere
668 5111 831 5171 atque
883 5101 1141 5158 indecore
1173 5110 1361 5158 contra
1398 5101 1506 5181 18
1569 5117 1657 5158 res
1691 5102 1986 5171 evidentes,
2015 5112 2070 5158 et

565 5327 620 5397 (5
685 5323 884 5381 Recole
910 5325 1322 5398 Apologeticum
1352 5324 1616 5381 minorem
1642 5340 1764 5396 cap.
1801 5322 1888 5378 to.

562 5400 616 5463 (6
677 5395 928 5466 iutelligit
958 5411 1220 5452 canonem
1256 5395 1679 5450 Trullantuuffl..

564 5471 583 5539 (
683 5465 888 5535 Nempe
921 5466 1085 5521 missa
1126 5467 1193 5519 ad
1234 5467 1508 5536 Abgarum
1569 5463 1816 5534 regulum
1861 5462 2064 5520 Christi

496 5536 712 5599 Domini
761 5538 965 5604 imago,
997 5546 1055 5590 ct
1090 5537 1178 5591 illa
1212 5552 1241 5590 a
1285 5535 1488 5590 femina
1522 5534 1943 5590 haemorrhoissa
1974 5548 2072 5605 po·

493 5606 601 5661 sita
631 5605 809 5660 eidem
842 5606 1061 5661 Christo
1091 5616 1292 5663 statua.

565 5673 642 5745 (8)
681 5675 951 5732 Nolebant
997 5675 1334 5731 lconomachi
1368 5674 1485 5731 lieri
1530 5674 1736 5730 Christi
1772 5670 2065 5744 imagines,

495 5754 782 5829 propterea
842 5748 985 5819 quod
1029 5745 1169 5804 Deus
1213 5758 1297 5803 cst
1341 5744 1865 5815 incircumscriptus,
1909 5742 2062 5800 Chri·

2169 4470 2402 4542 ψεύδους
2445 4469 2736 4541 ὲμπλέους,
2768 4468 2843 4531 ὡς
2872 4464 3051 4536 ἐαυτῷ
3101 4460 3523 4522 ἀνακολούθους.
3559 4455 3638 4518 ῶς
3677 4454 3739 4522 τῇ

2171 4563 2403 4633 ἀληθείᾳ
2437 4563 2533 4616 καὶ
2567 4562 2791 4623 ἑαυταῖς
2816 4557 3156 4629 μαχομένας,
3177 4554 3275 4608 καὶ
3297 4550 3510 4620 πλάνης
3527 4546 3741 4609 ἀπάσης

2176 4654 2626 4725 μεμεστωμένας,
2655 4649 2846 4713 καλῶς
2869 4650 2970 4703 οὐκ
2995 4646 3064 4703 ἀν
3089 4646 3251 4717 λόγος
3271 4643 3414 4715 πρὸς
3435 4642 3534 4715 τὴν
3568 4633 3748 4693 αὐτῶν

2173 4741 2374 4799 κακίαν
2400 4742 2676 4811 ἀφίκοιτο,
2726 4738 2821 4805 καί
2859 4737 2921 4791 τὸ
2954 4737 3064 4792 πᾶν
3110 4736 3309 4796 εἰπεῖν,
3345 4731 3419 4795 ὡς
3451 4732 3518 4783 ἐκ
3547 4725 3750 4791 πολλῆς

2173 4834 2409 4907 κοπρίας
2437 4833 2533 4886 καὶ
2556 4830 2792 4901 φορυτοῦ
2821 4828 3166 4891 ἀπαιδεύτως
3214 4825 3312 4880 καί.
3343 4821 3580 4893 ἀμαθῶς
3626 4834 3748 4870 συν·

2171 4925 2584 4995 αγηγερμένας,
2623 4920 2810 4976 τέλεον
2841 4919 3182 4976 ἀπωθεῖσθαι
3209 4917 3306 4971 καὶ
3332 4910 3748 4984 διακρούεσθαι.

2174 5014 2331 5069 Οὕτω
2358 5013 2471 5084 γὰρ
2490 5012 2750 5081 ἀκόσμως
2775 5012 2874 5064 καὶ
2903 5007 3151 5072 αὐθαδῶς
3179 5006 3277 5063 καὶ
3304 5002 3586 5073 ἀσέμνως,
3609 4997 3758 5054 κατα

2175 5102 2284 5157 τῶν
2320 5101 2664 5174 φαινομένων
2695 5101 2791 5154 καὶ
2838 5100 2931 5154 ὑπ’
2957 5096 3082 5168 ὄψιν
3119 5096 3340 5151 πάντων
3361 5090 3626 5164 ὴγμένων
3657 5087 3755 5142 καὶ

2179 5335 2295 5380 stus
2320 5334 2499 5379 autem
2530 5325 2693 5380 Deus.
2713 5320 2831 5379 lam
2858 5337 2981 5379 cum
3009 5319 3278 5391 Ephesina
3298 5316 3541 5398 synodus
3558 5314 3753 5371 delini·

2180 5395 2320 5450 verit
2369 5404 2558 5450 contra
2606 5392 2914 5449 Nestorium
2968 5406 3132 5446 uuum
3187 5404 3311 5446 esse
3371 5385 3570 5447 Filium
3618 5384 3749 5449 Dei,

2169 5463 2339 5518 Deum
2368 5468 2568 5534 paritet·
2606 5476 2661 5519 et
2712 5464 2989 5518 hominem
3036 5462 3174 5532 (quo
3207 5461 3266 5513 lit
3319 5466 3510 5540 itt-una
3553 5456 3752 5510 adora-

2172 5535 2315 5588 tione
2333 5535 2602 5589 colendus
2623 5532 2749 5603 sit),
2779 5533 3030 5601 sequitur
3062 5540 3120 5585 ut
3153 5530 3357 5585 Christi
3393 5540 3614 5601 imago.
3646 5523 3748 5578 ho-

2167 5605 2333 5658 minis
2362 5603 2459 5658 Dei
2495 5603 2569 5659 sit
2603 5604 2821 5671 itnago;
2865 5603 3021 5658 cu'us
3072 5610 3254 5667 tamen
3305 5597 3742 5676 veneratio-pro-

2166 5674 2287 5743 prie
2318 5687 2554 5743 vereque
2582 5673 2639 5730 in
2687 5673 2861 5744 ipsum
2956 5670 3189 5727 hristum
3234 5668 3405 5725 Deum
3460 5664 3638 5722 tendtt
3678 5671 3748 5717 ae

2168 5742 2385 5800 desinit.
