3984 6200
528 277 662 346 1283

1541 261 1607 330 S.
1649 247 2033 330 Mssmo'nn
2072 265 2583 328 PATmAchAE
2618 259 2721 330 ct».

3583 277 3688 356 im

522 399 660 453 tere,
686 395 896 452 suoque
926 380 1164 436 adventu
1188 375 1383 448 impios
1417 389 1448 431 a
1481 374 1641 432 maiis
1688 374 1956 432 faciendis
1982 376 2109 432 abs·
2138 380 2185 437 Λ
2211 372 2513 442 iisdemque
2532 372 2705 444 ,quasi
2732 368 2986 441 pretiosis
3015 369 3243 444 pyropis
3265 373 3536 439 concinnari
3558 394 3691 459 pm„

524 489 753 540 terrere,
786 474 905 545 pias
954 483 1087 526 vero
1128 477 1342 526 mentes
1397 468 1453 523 in
1506 465 1765 523 studiosis
1795 466 2106 524 actionibus

521 569 872 625 confirmare.
897 557 954 618 ld
974 561 1120 631 quod
1146 559 1398 616 evenisse
1428 557 1662 629 legimus
1688 558 1756 612 ad
1774 556 1979 612 Christi
2014 570 2105 612 se·

521 658 772 729 pulcrum
799 654 959 725 paulo
1010 661 1294 722 postquam
1346 648 1435 706 itte
1495 646 1775 704 redivivus
1815 651 1883 705 ab
1917 647 2106 704 inferis

524 745 883 816 triumphavit
969 759 984 797 t
1021 741 1259 811 adquod
1277 740 1641 796 descendente
1657 739 1849 810 angelo
1875 755 2105 810 magnus

526 845 692 894 terrae
719 838 894 891 l'actus
926 844 1011 891 est
1032 841 1247 898 motus3
1285 830 1377 901 qui
1407 831 1497 885 ubi
1520 830 1828 901 sepulcrum
1859 831 2102 896 reclusit,

526 928 729 985 milites
756 925 973 996 quidem
1020 923 1149 978 illud
1177 920 1542 977 custodientes
1586 929 1734 975 metu
1768 920 2107 979 exanimatos

529 1016 585 1073 in
607 1019 794 1090 fugam
823 1014 1116 1078 convertit,
1137 1027 1170 1067 a
1216 1011 1323 1083 piis
1352 1025 1485 1067 vero
1531 1012 1850 1068 mulieribus
1886 1026 2105 1068 omnem

530 1104 777 1160 timorem
813 1104 1134 1162 excussit¹¹.

602 1194 695 1249 Ξι.
751 1191 922 1262 opem
981 1193 1147 1265 igitur
1192 1192 1421 1262 Agatha:
1477 1191 1531 1247 in
1583 1191 1847 1249 incendiis
1901 1190 2107 1263 jacenti

533 1286 725 1358 ecquis
770 1284 982 1342 dubitet
1032 1284 1258 1358 angelos
1297 1284 1578 1351 attulisse,
1624 1298 1859 1355 roreque
1898 1283 2106 1341 coelesti

531 1393 626 1432 eos
657 1375 811 1445 ignes
852 1374 1208 1445 flammasque
1242 1372 1548 1444 aspersisse
1577 1372 1602 1425 i
1627 1370 1821 1429 Nonne
1857 1374 1973 1430 liaec
2011 1387 2110 1428 no-

542 1476 659 1521 stra
687 1467 858 1535 virgo,
886 1465 1143 1521 divinitus
1170 1464 1455 1532 illustrata,
1475 1472 1616 1525 roris
1638 1464 1797 1535 liujus
1816 1457 2107 1520 salutarem

532 1554 777 1624 pluviam
828 1550 931 1607 silli
967 1552 1366 1622 spoponderat,
1417 1569 1540 1610 cum
1573 1551 1927 1622 Quintianum
1973 1551 2111 1607 allo-

534 1644 844 1715 quebatur?
879 1643 936 1699 Si
985 1644 1187 1714 ignem,
1225 1644 1501 1715 inquiens,
1536 1643 1752 1713 corpori
1798 1657 1922 1720 meg
1950 1643 2110 1699 adbi-

2210 472 2269 519 et
2323 464 2623 534 gaudeam,
2682 463 2955 534 pretiosos
3004 471 3225 533 torques
3269 478 3333 520 ae
3361 471 3571 542 monilis,
3600 497 3695 542 m.

2215 568 2337 609 nem
2370 554 2638 608 mundum
2682 554 3007 624 nuptialem,
3050 568 3115 610 ae
3154 564 3355 611 vestem
3394 567 3628 638 martyrii,
3652 581 3699 631 ιιι

2210 643 2363 699 hisce
2406 643 2663 699 decorata
2714 642 3051 699 ornamentis
3095 641 3168 698 ad
3210 641 3447 704 coelestes
3492 653 3700 718 thalamos

2212 733 2482 790 admittat.

2286 823 2379 880 ΕΞ.
2410 823 2556 879 inter
2580 823 2696 879 lnaee
2719 821 3051 891 Quintianus
3071 832 3231 880 terrae
3250 833 3414 894 motu,
3433 827 3706 908 duorumque

2212 928 2348 971 nece
2385 914 2684 970 amicornm
2717 925 2843 969 ante
2882 913 3002 982 ejus
3030 915 3219 972 oculos
3257 930 3602 986 oppressorum
3625 929 3711 986 mi.

2213 1006 2303 1062 nis
2351 1006 2641 1076 parietum,
2689 1004 3038 1077 pavefactus,
3086 1007 3422 1078 maximeque
3450 1014 3605 1082 populi
3646 1029 3712 1074 m.

2214 1097 2827 1164 multarenturbatus,
2875 1099 3184 1165 obortaque
3240 1097 3470 1158 clamore
3498 1103 3716 1163 catam.

2214 1190 2354 1246 sium
2395 1187 2661 1259 virginem
2697 1185 3023 1244 incolumem
3056 1201 3284 1246 servare
3310 1189 3597 1259 volentium,
3622 1210 3720 1251 exa·

2214 1281 2476 1346 nimatus,
2507 1279 2649 1336 illico
2672 1278 2942 1349 Agatliam
2992 1280 3045 1333 in
3076 1292 3351 1336 carcerem
3378 1281 3548 1339 reduci
3566 1283 3721 1352 jubete

2215 1387 2335 1443 quae
2378 1372 2583 1428 civium
2622 1369 2923 1425 cmii-stium
2972 1368 3218 1426 exercitu
3255 1369 3533 1441 populique
3570 1377 3722 1433 urnis

2216 1462 2413 1534 stipata
2436 1503 2454 1530 ,
2488 1463 2555 1517 de
2595 1460 2708 1531 jam
2741 1468 3000 1530 superato
3051 1457 3361 1528 Quintiano,
3392 1474 3455 1515 ae
3493 1465 3726 1520 tormentis

2215 1555 2470 1612 omnibus
2492 1551 2830 1622 triumphum
2861 1551 3097 1622 agitans,
3126 1549 3180 1603 in
3210 1551 3559 1608 venerandum
3583 1553 3726 1624 ingre-

2217 1645 2362 1701 ditur
2388 1657 2740 1700 carceremne
2781 1642 3001 1709 dicam,
3045 1655 3114 1695 sn
3147 1639 3357 1711 regium
3396 1640 3649 1711 palatium,
3673 1660 3731 1702 an

531 1736 662 1793 beas
682 1775 697 1800 ,
744 1750 924 1790 rorem
969 1735 1102 1790 milii
1134 1735 1478 1792 salutiferum
1507 1737 1574 1793 de
1600 1735 1740 1792 coelo
1786 1735 1961 1807 angeli
2010 1734 2110 1790 mi·
2139 1732 2183 1789 B
2210 1754 2339 1796 vero
2369 1738 2550 1807 potius
2582 1735 2823 1792 cmlestls
2882 1733 3067 1807 templi
3103 1742 3506 1790 sacrosanctum
3535 1738 3733 1791 vestiba-

533 1826 865 1882 nistrabunt.
898 1827 981 1880 An
1015 1841 1144 1882 vero
1172 1826 1370 1897 angeli,
1401 1828 1627 1898 ipseque
1655 1826 1968 1900 angelorum
2005 1840 2106 1881 rex

532 1917 786 1974 Christus
817 1916 1019 1973 trustra
1059 1917 1288 1973 haberet
1329 1920 1557 1988 Agathae
1590 1933 1719 1989 spes
1753 1917 1808 1972 in
1844 1931 1902 1973 se
1938 1916 2104 1972 collo·

534 2020 708 2075 catus,
765 2009 840 2064 ita
893 2019 949 2063 ut
999 2005 1237 2080 Virginis
1286 2009 1453 2065 verba
1506 2010 1730 2076 inania,
1781 2009 2108 2080 infirmaque

534 2109 787 2158 censeret
834 2095 1206 2167 Quintianus?
1237 2101 1323 2156 An
1369 2099 1532 2171 hujus
1564 2100 1809 2171 Virginis
1851 2100 2104 2166 animus,

536 2289 757 2349 ruerat,
804 2294 1005 2351 eosque
1046 2280 1271 2337 omnino
1310 2281 1741 2351 exstinguendos
1784 2289 2106 2347 curaverat,

534 2375 858 2444 penitusque
904 2373 1013 2430 Deo
1050 2375 1189 2429 lixus
1232 2373 1558 2440 inhaeserat,
1597 2389 1742 2430 nunc
1785 2388 1944 2430 suum
1984 2388 2110 2430 cor·

535 2463 686 2535 poris
710 2478 994 2534 organum,
1025 2463 1170 2534 quod
1197 2475 1297 2533 pro
1332 2462 1616 2519 servandae
1641 2461 1971 2534 virginitatis
2004 2462 2112 2518 nde

536 2567 702 2624 super
769 2553 969 2623 ignitos
1019 2554 1321 2622 carbones,
1385 2562 1687 2625 acutaeque
1740 2563 1907 2611 testas
1961 2553 2113 2610 uam-

536 2653 751 2701 mantes
780 2644 930 2715 injici
969 2645 1306 2716 pertulerat,
1343 2648 1411 2702 ab
1448 2647 1641 2702 iisdem
1665 2646 1748 2702 vel
1782 2646 2111 2703 mediocrem

537 2737 796 2808 injuriam
844 2747 1045 2809 praeter
1074 2748 1392 2809 conceptam
1439 2753 1589 2810 spem
1640 2739 1851 2811 perpeti
1894 2745 2113 2810 specta-

539 2826 668 2883 ret?
697 2829 779 2883 An
814 2831 978 2884 etiam
1013 2829 1102 2886 ille
1132 2830 1301 2886 Filius
1333 2830 1593 2899 hominis,
1627 2831 1784 2902 cujus
1818 2831 1994 2903 gloria
2029 2838 2116 2888 est

536 2923 691 2992 qnasi
728 2921 1007 2993 unigeniti
1049 2922 1179 2990 Dei,
1223 2925 1315 2994 qui
1358 2924 1530 2980 voluit
1571 2932 1799 2994 quartus
1847 2924 2116 2981 interesse

536 3024 660 3066 cum
698 3010 869 3065 tribus
910 3014 1092 3082 pueris
1124 3012 1178 3068 in
1223 3012 1445 3069 fornace
1471 3012 1839 3085 Babylonica,
1873 3012 2010 3069 adeo
2058 3020 2117 3070 ut

2203 1830 2356 1889 lum?
2405 1829 2495 1888 ubi
2551 1829 2702 1899 virgo
2770 1821 2924 1884 stans
2993 1825 3164 1881 oculis
3212 1825 3267 1884 in
3303 1825 3492 1886 eoelum
3518 1826 3735 1897 sublatis,

2203 1922 2490 1993 passisque
2531 1919 2587 1974 in
2639 1916 2820 1973 crucis
2850 1915 3086 1986 speeiem
3132 1915 3378 1971 brucialis
3414 1914 3736 1984 virginalibus,

2205 2025 2370 2067 orans
2420 2011 2476 2068 in
2502 2012 2620 2066 baec
2667 2009 2829 2063 verba
2874 2006 3113 2079 linguam
3148 2007 3355 2063 solvit:
3386 2007 3601 2062 Domine
3638 2004 3739 2064 lesu

2207 2099 2445 2163 Christe,
2471 2097 2729 2169 magister
2770 2098 2932 2165 bone,
2956 2096 3163 2167 gratias
3191 2095 3288 2154 uui
3331 2111 3432 2168 ago
3456 2095 3545 2168 qui
3567 2109 3644 2151 me
3667 2098 3745 2152 lioc

2206 2195 2414 2251 honore
2432 2192 2686 2263 dignatus
2714 2204 2800 2256 cs,
2830 2197 2894 2244 ut
2922 2188 3266 2246 decertarent
3291 2203 3394 2260 pro
3412 2188 3619 2244 noniine
3640 2197 3741 2255 tuo;

2206 2287 2300 2356 qui
2326 2283 2598 2340 abstulisti
2622 2297 2652 2338 a
2685 2296 2770 2337 me
2794 2279 3040 2337 mortalis
3068 2281 3195 2337 vitae
3226 2294 3512 2346 amorem,
3544 2279 3751 2349 miliique

2208 2380 2462 2435 coelestes
2494 2375 2646 2430 vires
2694 2372 2991 2439 sullecisti,
3040 2380 3101 2427 ut
3142 2380 3417 2428 tormenta
3452 2369 3746 2442 perferrem

2212 2477 2289 2534 tu,
2323 2467 2461 2523 idem
2496 2464 2722 2521 Domine
2756 2460 2919 2530 Deus,
2960 2461 3159 2518 exaudi
3188 2473 3387 2532 preces
3422 2475 3585 2525 meas,
3617 2469 3667 2515 et
3691 2459 3755 2514 di·

2213 2573 2382 2631 gnare
2410 2555 2661 2616 ancillam
2703 2563 2872 2622 tuam,
2900 2562 2959 2609 ut
3000 2554 3144 2609 lianc
3180 2561 3387 2610 terram
3414 2551 3657 2614 dimittat,
3684 2557 3752 2604 at-

2210 2664 2318 2721 que
2355 2656 2545 2704 ornata
2589 2660 2867 2717 purpureo
2915 2642 3260 2716 triumphalis
3314 2643 3564 2713 martyrii
3595 2641 3756 2713 peplo,

2211 2740 2570 2810 flammcoque
2591 2737 2842 2810 virginali
2870 2745 3144 2801 contecta,
3176 2735 3248 2791 ad
3278 2733 3755 2790 immarcescibilem

2214 2842 2436 2889 aeternae
2474 2831 2664 2902 gloriae
2697 2841 2955 2885 coronam
3001 2826 3239 2882 feliciter
3278 2825 3589 2896 perreniat.
3631 2821 3765 2878 Disce

2213 2924 2452 2996 peractis
2483 2923 2777 2995 precibus,
2813 2919 2961 2976 illico
2990 2917 3410 2975 immaculatum
3448 2916 3555 2973 Deo
3576 2912 3766 2972 tradidit

2216 3015 2487 3086 spiritum.

542 3103 677 3158 nilnil
703 3118 802 3159 eos
826 3104 969 3176 ignis
996 3104 1197 3161 laeserit
1221 3107 1287 3173 ¹¹,
1313 3106 1475 3161 illein
1496 3106 1869 3175 igneeleetule
1894 3114 2115 3178 propter
2139 3089 2187 3155 C
2283 3108 2375 3166 25.
2415 3107 2569 3177 Quod
2599 3106 2688 3164 ubi
2720 3106 2949 3179 populus
2984 3116 3273 3162 carcerem
3306 3104 3669 3167 circumstans
3691 3109 3770 3158 eo·

538 3208 597 3248 se
630 3191 903 3261 jacentem
941 3196 1209 3273 Agathan·
1232 3234 1247 3261 ,
1285 3195 1499 3267 sibique
1527 3197 1876 3267 desponsam,
1910 3195 2114 3268 qnippe

538 3299 660 3355 quas
684 3285 753 3339 ab
784 3285 1009 3339 infantia
1037 3284 1140 3341 sibi
1168 3286 1490 3352 adhaeserat,
1515 3296 1744 3357 eratque
1764 3302 1945 3344 secum
1969 3287 2112 3353 [acta

540 3389 682 3429 unus
725 3375 948 3445 spiritus
973 3419 987 3443 ‚
1041 3374 1343 3432 dimitteret
1398 3377 1831 3433 amburendam?
1885 3376 2111 3444 Adfuit,

541 3465 720 3522 adl'uit
760 3466 989 3539 Agatha
1039 3481 1253 3537 sponsae
1307 3465 1584 3538 Sponsus,
1634 3467 1726 3540 qui
1769 3483 1865 3539 per
1893 3468 2114 3540 angelos

540 3569 671 3611 snos
722 3556 950 3625 spiritus
986 3555 1160 3612 l'actos
1192 3565 1248 3612 et
1282 3567 1484 3612 terram
1523 3556 1656 3615 l'eeit
1691 3567 1946 3624 tremere,
1981 3572 2113 3629 pro-

540 3646 717 3702 ductis
746 3648 922 3704 ventis
948 3648 1012 3702 de
1039 3661 1240 3703 arcano
1265 3663 1490 3704 suerum
1517 3649 1929 3714 thesaurorum
1959 3648 2116 3706 l'ecit-

539 3751 647 3808 que
679 3737 986 3794 incendium
1024 3737 1154 3794 illud
1188 3738 1414 3811 Agathae
1446 3738 1777 3796 substratum
1808 3739 1962 3810 quasi
2015 3755 2113 3795 au·

543 3843 656 3883 ram
707 3831 847 3886 roris
882 3828 1142 3898 flantem,
1187 3831 1260 3885 ita
1302 3838 1362 3885 ut
1404 3843 1581 3901 neque
1612 3829 1880 3902 virginale
1913 3845 2114 3901 corpus

541 3928 798 3988 tangere,
847 3934 1023 3991 neque
1074 3919 1194 3992 ejus
1231 3920 1476 3977 animum
1528 3922 1892 3990 contristare,
1934 3934 2113 3993 neque

543 4012 805 4071 :inolestiae
833 4012 1132 4082 quidquam
1183 4011 1385 4068 inferre
1413 4012 1641 4068 auderet
1684 4011 1845 4084 iguis.
1884 4013 2111 4078 Adfuit,

540 4103 797 4173 inquam,
849 4104 1131 4169 Christus,
1201 4117 1498 4175 secumque
1548 4103 1735 4160 nobile
1797 4102 2110 4174 angelorum

538 4209 754 4263 agmen,
796 4202 904 4248 tam
939 4193 1102 4251 nobili
1142 4194 1475 4264 spectaculo,
1515 4195 1785 4266 dignoque
1814 4195 1958 4266 quod
1991 4208 2111 4252 eoe·

536 4285 762 4340 lestibus
798 4284 966 4340 oculis
988 4295 1329 4352 cerneretur,
1356 4288 1492 4343 adeo
1513 4297 1573 4343 ut
1593 4289 1718 4359 jure
1737 4289 1941 4360 optimo
1968 4290 2113 4363 Aga»

2212 3200 2416 3273 gnevit,
2464 3214 2658 3271 magno
2702 3213 2824 3255 eum
2872 3198 3088 3271 pietatis
3120 3196 3309 3253 audio
3341 3210 3415 3253 ae
3464 3192 3771 3257 termetis.

2214 3307 2415 3362 corpus
2458 3304 2737 3363 generosae
2767 3291 3026 3361 martyris
3069 3290 3126 3345 in
3166 3296 3541 3347 monumento
3583 3282 3775 3342 Ιισιιοή·

2215 3383 2317 3441 flce
2338 3384 2664 3454 composuit.
2695 3386 2778 3437 An
2806 3395 2939 3440 vero
2973 3380 3221 3454 Sponsus
3251 3380 3500 3451 Agatha
3528 3369 3773 3442 carinis,

2212 3476 2306 3549 qui
2336 3474 2606 3545 gloriosus
2631 3482 2716 3531 est
2743 3482 2800 3530 et
2829 3472 3099 3529 mirabilis
3136 3473 3193 3529 in
3226 3472 3455 3529 unctis
3480 3466 3776 3541 maturitas

2211 3566 2363 3633 suis,
2404 3566 2547 3624 bane
2591 3564 2881 3646 amabilem
2912 3563 3032 3634 eius
3074 3578 3378 3638 sponsam,
3408 3573 3473 3621 et
3510 3572 3777 3636 martyrum

2213 3655 2517 3714 Sicularum
2547 3655 2804 3714 eximiam
2836 3656 3081 3727 reginam
3105 3695 3122 3723 ,
3149 3670 3325 3727 quam
3367 3658 3545 3714 etiarn
3572 3654 3627 3710 tu
3652 3652 3779 3708 terris

2212 3749 2486 3805 viventem
2520 3747 2801 3805 miraculis
2834 3748 3303 3805 cohonestaverat
3323 3786 3346 3816 ,
3378 3762 3519 3804 mox
3572 3745 3628 3803 in
3671 3740 3778 3801 cdo

2212 3855 2398 3898 seeum
2439 3841 2866 3911 triumphantem
2922 3854 3030 3896 nnn
3088 3839 3365 3897 redderet
3414 3840 3587 3911 longe
3620 3837 3779 3895 clario·

2214 3930 2372 3987 remi
2396 3930 2463 3985 Et
2497 3928 2657 3997 eujus
2685 3928 2916 4002 virginis
2952 3930 3191 4001 linguam
3220 3938 3439 3986 testem
3461 3943 3580 3987 suoe
3615 3924 3779 3984 dirisi-

2214 4024 2340 4079 tatis
2371 4022 2634 4079 disertam
2669 4020 2921 4079 Christus
2955 4018 3198 4087 fecerat,
3246 4034 3579 4093 secumque
3602 4028 3780 4077 eastun

2212 4127 2475 4181 amorem,
2513 4127 2579 4169 ae
2607 4112 2900 4185 nuptialem
2941 4111 3102 4169 tidem
3137 4111 3404 4181 iusserat
3448 4111 3660 4183 publice
3684 4121 3783 4180 pre·

2215 4204 2386 4269 (iteri,
2424 4220 2546 4261 mox
2594 4205 2772 4262 eidem
2808 4218 3008 4276 corpus
3040 4204 3109 4260 iis
3149 4206 3220 4261 de
3276 4206 3484 4262 causis
3518 4203 3785 4260 cruciatum

2213 4298 2494 4368 quiescere
2518 4296 2571 4353 in
2598 4296 2833 4353 obscuro
2856 4309 3129 4353 marmore
3154 4303 3467 4367 pateretur
3488 4290 3787 4368 ingloriam?

423 5459 447 5481 ‘⁴
532 5472 726 5539 tiores,
760 5483 816 5531 et
854 5492 1154 5549 purpureas
1208 5493 1439 5535 coronas
1478 5479 1607 5534 milii
1641 5478 2096 5548 adblandientes3

541 4381 631 4432 tina
661 4376 901 4432 clamare
927 4379 1162 4446 potuerit
1194 4377 1453 4445 :vidism
1484 4380 1740 4449 Domine,
1772 4390 1830 4437 et
1848 4382 2106 4454 spectasti
2213 4387 2366 4446 Fecit
2407 4387 2628 4461 utique,
2678 4386 2809 4444 fecit
2851 4385 3186 4459 dignissima!
3222 4386 3411 4458 hujus
3454 4390 3788 4460 Sponsam

539 4482 767 4538 agonem
797 4482 1001 4535 meunt,
1032 4471 1300 4537 quomodo
1328 4472 1561 4542 pugnavi
1591 4472 1646 4528 in
1673 4474 1871 4544 stadio,
1902 4482 1957 4531 et
1982 4474 2110 4546 quia
2141 4444 2186 4502 Β
2211 4478 2464 4537 Christus
2491 4478 2796 4551 sepulcrum
2850 4478 3169 4552 gloriosum,
3204 4492 3327 4535 non
3374 4493 3484 4551 per
3521 4492 3682 4535 unum
3713 4482 3786 4528 aut

531 4557 683 4629 ‘volui
728 4557 885 4613 tidem
920 4558 1248 4630 virginitatis
1290 4564 1604 4632 custodire,
1634 4564 1788 4637 jussa
1834 4581 1955 4622 sum
2001 4580 2109 4622 non
2213 4571 2351 4627 duos
2415 4571 2637 4641 angelos
2688 4571 2902 4627 coelitus
2956 4569 3153 4627 missos
3219 4572 3441 4643 paucis
3506 4568 3792 4626 mulieribus

536 4651 709 4707 solum
739 4653 995 4722 suspendi
1045 4652 1100 4707 in
1125 4653 1373 4724 equuleo,
1414 4657 1551 4712 etin
1585 4658 1841 4733 niamillis
1890 4668 2110 4730 totoque
2210 4662 2552 4732 conspicuos,
2589 4662 2747 4719 sicuti
2784 4676 2936 4719 suam
2975 4660 3332 4731 speluncam,
3366 4661 3467 4717 ubi
3500 4667 3657 4716 extra
3688 4655 3788 4712 uie·

533 4757 766 4813 corpere
799 4745 1205 4812 excarnificari,
1232 4746 1326 4802 sed
1351 4746 1518 4803 etiam
1552 4751 1606 4805 in
1642 4752 1764 4821 igne
1789 4751 2047 4809 collocari
2088 4770 2104 4808 ι
2211 4754 2539 4828 rosolymam
2573 4754 2692 4827 ipse
2717 4754 2965 4827 Sponsus
2984 4755 3283 4826 jacuerat;
3329 4755 3441 4812 sed
3482 4770 3579 4827 per
3600 4762 3791 4808 reustum

535 4834 633 4889 sed
684 4833 762 4888 tui
801 4833 970 4889 divini
1020 4835 1223 4892 ameris
1255 4836 1436 4893 fervor
1466 4838 1598 4895 milii
1635 4842 1778 4897 vires
1819 4840 2039 4907 sufficit,
2073 4855 2107 4897 o
2214 4848 2446 4921 spiritns
2475 4849 2726 4906 eoelesies
2763 4851 3055 4905 humanam
3090 4848 3303 4905 decore
3342 4846 3662 4919 juventutis
3694 4843 3788 4899 sor·

529 4927 674 4983 boue
699 4924 931 4997 sponse,
958 4925 1218 4999 fulcitque
1242 4929 1390 4986 hisce
1412 4927 1668 4996 flammis,
1689 4929 1835 4986 velut
1860 4944 2107 4988 rosarum
2209 4954 2352 4995 mam
2377 4938 2629 5007 indutos;
2660 4940 2752 5009 qul
2781 4940 2912 4995 dum
2949 4939 3215 5010 virginale
3238 4953 3472 5010 eorpus
3491 4954 3524 4995 a
3550 4936 3791 4997 cmrisda·

532 5014 759 5074 floribus
797 5020 876 5086 ¹⁸,
933 5019 1207 5091 stipatque
1262 5020 1539 5077 odorifero
1590 5022 1892 5079 carbonum
1949 5022 2108 5093 quasi
2210 5030 2297 5085 nis
2329 5030 2540 5087 civibus
2568 5031 2767 5088 decore
2813 5030 3133 5097 collocatur,
3172 5033 3489 5104 conspicui
3528 5028 3785 5087 omnibns.

532 5124 817 5179 pomorum
874 5120 928 5166 et
960 5121 1262 5167 aromatum
1307 5113 1519 5181 sumtu;
1565 5115 1640 5169 ita
1678 5123 1739 5169 ut
1786 5113 2102 5170 carnificum
2209 5121 2484 5179 eoelestem
2516 5122 2801 5181 melodiam
2824 5122 3200 5179 decantarunt.
3228 5121 3499 5191 Quidam
3528 5119 3793 5179 verniliter

532 5208 803 5254 tormenta
845 5202 960 5257 haec
988 5204 1227 5259 crudelia
1253 5247 1270 5273 ,
1312 5215 1365 5262 et
1396 5206 1562 5261 hosce
1609 5205 1805 5275 ignitos
1838 5206 2106 5261 carbones
2210 5223 2306 5265 eos
2371 5208 2533 5281 longe
2582 5208 2983 5279 pulcherrimus
3012 5211 3351 5269 adolescens
3400 5212 3483 5269 ad
3514 5211 3792 5281 sepulerum

533 5291 778 5347 hilariter
827 5296 1159 5363 sustineam,
1206 5305 1562 5366 amanterque
1606 5297 1956 5367 complectar,
1993 5309 2100 5351 non
2210 5299 2446 5355 nondum
2494 5309 2741 5371 opertum
2781 5300 3047 5368 accessit,
3084 5301 3358 5373 sudoque
3396 5302 3639 5361 delatam
3666 5312 3800 5357 mar-

533 5390 785 5452 tanquam
834 5386 985 5454 ignes
1037 5387 1386 5453 cruciantes,
1445 5386 1540 5442 sed
1596 5395 1853 5459 tanquam
1905 5401 2101 5443 vernos
2210 5404 2449 5446 meream
2500 5389 2752 5448 tabellam
2792 5393 2863 5447 ad
2904 5389 3145 5462 Virginis
3188 5403 3379 5464 eaput
3424 5392 3713 5467 apposuit.
3754 5390 3798 5442 in

2205 5495 2315 5553 qua
2354 5482 2472 5555 ejus
2522 5483 2773 5541 encomia
2827 5493 2984 5541 erant
3030 5484 3280 5543 breviter
3314 5495 3613 5546 exarau:
3670 5478 3799 5541 Ποῦ

604 5627 647 5659 ¹¹
683 5627 870 5684 Mattli.
926 5644 1113 5698 srvm,
1167 5633 1222 5687 Ξ.
1303 5634 1346 5666 ¹¹
1391 5632 1524 5687 Dan.
1567 5648 1651 5699 ιιι,
1705 5632 1798 5689 92.
1876 5634 1918 5668 ²³
1958 5634 2116 5691 Cant.
2168 5646 2302 5703 ιμΰ.
