3984 6200
236 407 351 475 1263

1710 413 1921 484 'v1T.-t.
3102 447 3109 454 ⁴
3341 422 3357 487 1
3373 425 3436 486 Ξῖ

230 523 432 581 tilectus
459 527 537 586 es,
567 521 705 581 sicut
737 523 925 579 eodem
967 525 1241 597 religionis
1276 526 1458 582 studio
1488 534 1540 582 ct
1569 526 1781 582 dicen-li
1815 541 1855 590 Α
1887 529 2013 586 ldns
2058 529 2235 586 Martii
2260 573 2274 597 ,
2333 547 2439 603 qno
2497 531 2714 603 quidem
2758 532 2845 588 die
2883 533 2935 589 in
2994 534 3246 591 exsilium
3310 539 3475 592 ctiam

231 617 457 675 libertate
480 616 772 686 praestabas
793 635 809 685 ;
838 618 1037 690 quique
1056 620 1262 689 pariter
1285 629 1337 674 et
1360 621 1490 675 sede
1517 619 1787 689 privatnS.

207 719 288 766 -et
303 706 550 766 multatus
589 709 782 767 exsilio
807 751 823 777 ,
852 721 903 766 et
930 711 1147 783 triginta
1179 712 1340 768 trium
1373 727 1640 766 annorum
1673 727 1788 781 spa·

230 804 350 860 tium
398 804 633 860 extorris
676 813 787 859 tum
834 806 1007 870 vivus,
1051 814 1160 860 tum
1204 815 1452 860 mortuus
1492 806 1785 875 transegit;

229 909 360 951 nunc
394 903 446 949 te
474 895 628 950 nobis
655 896 730 950 tui
759 897 1152 952 amantissimis
1184 898 1430 964 restitue,
1461 907 1623 968 atque
1660 898 1791 953 hinc

227 985 501 1046 discedens
543 988 609 1054 ad
644 989 860 1059 propria
910 990 1050 1053 redi,
1087 999 1143 1044 nt
1189 1000 1241 1045 te
1289 1006 1429 1046 nunc
1456 1029 1471 1055 ,
1508 1003 1567 1045 nt
1616 991 1789 1060 ipsum

226 1078 380 1145 olim,
413 1077 640 1148 populus
670 1083 746 1133 tui
777 1081 1209 1138 studiosissimus
1243 1097 1363 1137 cntn
1394 1083 1592 1154 gaudio
1615 1085 1792 1137 susci-

225 1169 348 1242 piat.
381 1167 502 1225 Tibi
539 1185 569 1225 a
600 1171 710 1226 Deo
735 1171 948 1248 alienus
977 1173 1272 1243 imperator
1298 1176 1500 1232 viventi
1533 1175 1791 1232 adversa·

228 1269 309 1316 tus
339 1269 446 1328 est,
472 1270 525 1316 et
555 1261 955 1336 inconsiderate
982 1265 1049 1320 ab
1075 1264 1319 1323 Ecclesia
1346 1277 1396 1322 te
1425 1267 1667 1338 depulit5
1701 1273 1795 1326 sed

225 1353 410 1423 dignas
435 1352 619 1410 furore
643 1369 743 1412 suo
776 1370 967 1428 poenas
1000 1358 1623 1431 dedit„tniserandoque
1647 1364 1795 1417 exitu

227 1444 449 1514 imperio
470 1445 630 1526 simtd
656 1458 712 1504 et
743 1449 852 1504 vita
880 1449 1125 1520 privatus
1155 1460 1259 1515 est.
1300 1452 1650 1527 audaciaeque
1682 1471 1795 1511 suas

224 1537 645 1620 debita-praemia
668 1541 809 1606 tulit.
841 1540 1013 1599 llodie
1044 1545 1422 1614 imperatoreS,
1446 1544 1555 1602 [leo
1574 1556 1794 1618 propter

230 1643 438 1684 unorum
470 1631 726 1701 pietatem
758 1633 1082 1702 charissimi,
1109 1648 1323 1693 mortuo
1349 1638 1647 1694 Ecclesiam
1675 1638 1798 1695 red-

224 1719 348 1774 dunt
369 1736 387 1784 ς
410 1736 593 1790 qnam,
617 1721 692 1777 ttti
723 1722 817 1778 titii
849 1741 945 1795 pet·
969 1725 1322 1802 Evangeliunt
1347 1727 1549 1797 effecti,
1581 1745 1792 1786 mecum

225 1815 584 1883 constituunt,
616 1832 720 1874 non
752 1819 1044 1902 habentem
1070 1824 1335 1879 maculam
1373 1839 1551 1895 neque
1576 1841 1794 1896 rugam,

223 1906 440 1974 qualem
507 1907 615 1962 tuis
676 1903 922 1964 ornatam
976 1920 1030 1966 et
1085 1913 1463 1974 confirmatam
1528 1916 1796 1976 institutis

222 1995 518 2065 reliquisti.
553 1995 754 2068 Aspice
783 2008 840 2054 et
857 1999 982 2056 vide
1006 2006 1555 2074 congregatosfilios,
1595 2006 1686 2075 qni
1730 2022 1794 2060 er

221 2088 535 2161 propinquo
569 2099 852 2158 venerunt,
895 2107 1017 2148 eum
1070 2095 1262 2166 reliqui
1308 2091 1516 2166 pro'cnl-
1545 2109 1694 2152 tuum
1730 2097 1798 2152 ad

222 2195 284 2236 se
341 2178 582 2235 reditum
634 2191 985 2255 exspectent3
1024 2200 1162 2254 quos
1206 2195 1292 2253 tu,
1334 2187 1476 2244 velut
1505 2189 1800 2259 orphanoS.

221 2269 331 2326 noli
398 2278 488 2325 tua
538 2282 830 2328 moerentes
884 2275 1130 2329 absentia
1203 2278 1535 2347 relinquere.
1595 2277 1802 2334 Habeat

217 2362 422 2419 civitas
497 2370 610 2429 tua,
666 2363 787 2419 loeo
848 2367 1090 2422 muneris
1170 2369 1545 2438 pretiosissimi
1574 2413 1588 2437 ,
1652 2382 1803 2425 tuum

216 2453 604 2510 beatissimum
661 2456 1078 2512 tabernaculum
1103 2495 1120 2523 ,
1162 2474 1268 2527 quo
1299 2460 1470 2531 magis
1504 2476 1668 2532 quam
1704 2462 1806 2516 im-

214 2547 364 2619 perii
406 2548 762 2620 amplitudine
788 2560 1001 2616 ornata,
1031 2551 1293 2621 glorietur
1325 2561 1380 2608 et
1408 2555 1662 2624 gaudeat.

289 2638 393 2694 ¹5.
443 2638 568 2694 llaec
613 2653 744 2696 voce
802 2635 963 2696 flebili
1043 2641 1353 2712 supplicans
1403 2643 1809 2710 sacratissimus

214 2719 895 2801 pausareha'ttdthodtus.
930 2741 1254 2790 nocturnum
1292 2713 1650 2790 Psalmorum'
1678 2750 1808 2789 can-

214 2833 333 2879 tum
393 2830 451 2878 et
505 2824 795 2895 mysticum
846 2824 1178 2880 sacrificinm
1228 2841 1357 2881 cum
1411 2826 1608 2896 populo
1663 2826 1808 2880 fideli

208 2913 544 2985 perficiens,
596 2913 915 2983 proeelarutn
965 2930 997 2970 e
1053 2916 1260 2971 tumulo
1313 2905 1515 2987 c'orpus
1579 2917 1806 2979 retexit,

207 3004 380 3077 quod
412 3005 746 3076 undeviginti
771 3021 1042 3064 annorum
1065 3008 1243 3078 spatio
1284 3008 1556 3080 integrum
1587 3008 1811 3066 omnino

204 3111 544 3171 purumque
581 3108 894 3167 manseram
923 3099 1061 3156 etin
1099 3116 1228 3159 arca
1269 3102 1339 3156 ab
1375 3100 1490 3174 ipso
1541 3102 1815 3173 cumposi-

1889 626 2094 692 oJet-tns
2126 623 2324 690 suerat,
2362 635 2421 680 ut
2454 634 2682 695 utraque
2716 641 2773 681 re
2801 626 2870 681 sit
2896 629 3283 683 turinorabilis.

1964 716 2052 770 17.
2103 715 2248 772 lnter
2286 716 2422 773 alios
2478 715 2719 786 ejusdem
2787 718 3045 789 temporis
3095 722 3329 776 athletas
3376 720 3479 778 fnit

1892 819 2114 863 sanctus
2163 807 2480 868 Joannicitts
2519 810 2691 866 abbas
2729 809 2781 865 in
2813 809 3096 883 Bithynia,
3146 813 3301 881 cnjus
3352 814 3478 870 illu-

1894 901 2026 955 stria
2080 911 2199 956 ac=a
2247 912 2301 955 et
2368 904 2672 958 certamina
2725 903 3135 974 descripserunt
3188 905 3367 960 Sabas
3425 917 3481 963 et

1895 991 2086 1049 Petrus
2121 993 2397 1060 monachi,
2418 1010 2539 1064 quac
2568 994 2757 1052 Graeca
2795 997 3056 1053 babemus
3080 998 3295 1069 singula
3321 999 3479 1052 valde

1894 1083 2074 1151 lunga,
2116 1085 2299 1142 Roma:
2338 1095 2390 1139 et
2424 1084 2650 1142 Parisiis
2709 1088 2999 1157 acquisita,
3059 1099 3114 1144 et
3145 1091 3211 1144 ad
3270 1091 3415 1145 diem
3447 1091 3481 1145 4

1895 1176 2222 1234 Novembris
2265 1177 2605 1255 elucidanda.
2648 1179 2765 1233 Atta
2801 1180 2929 1235 item
2983 1180 3266 1246 habemttS,
3306 1181 3479 1236 Meta·

1898 1269 2134 1339 phrastae
2184 1269 2419 1332 tributa,
2477 1286 2596 1340 quae
2629 1286 2659 1325 a
2695 1271 2961 1327 Gentiano
3027 1272 3259 1328 llert·eto
3292 1272 3483 1330 Latine

1898 1361 2111 1417 reddita
2158 1361 2328 1416 edidit
2376 1361 2709 1432 Lipomanus
2770 1374 2916 1418 tomo
2959 1361 3023 1429 V,
3072 1374 3128 1420 ct
3189 1365 3382 1419 Sur-ins
3414 1366 3480 1420 ad

1900 1450 2171 1506 dictum]
2222 1451 2561 1519 Novembris,
2596 1454 2740 1510 unde
2778 1470 2845 1509 ex
2898 1471 3128 1511 numero
3178 1456 3237 1512 51
3307 1456 3484 1525 placet

1901 1541 2191 1610 decerpere
2239 1544 2541 1614 sequentia.
2598 1563 2618 1598 ι
2694 1543 3037 1615 Theophilus
3083 1561 3151 1602 ex
3214 1548 3315 1601 bac
3369 1548 3482 1603 vita

1903 1635 2154 1698 excedit:
2184 1632 2414 1692 Michael
2442 1651 2570 1690 vero
2594 1646 2648 1692 et
2683 1635 2971 1698 Theodora
2996 1638 3286 1708 imperium
3314 1641 3487 1693 susci·

1903 1727 2076 1795 pinnt.
2109 1723 2413 1780 methodius
2449 1721 2650 1791 autem,
2677 1727 3389 1785 vir·revet·a·sact·osanctus
3421 1739 3478 1784 et

1905 1818 2068 1872 homo
2098 1816 2213 1884 Dei,
2244 1818 2297 1871 in
2349 1819 2523 1878 sacris
2575 1819 2875 1874 collocatur
2930 1820 3171 1875 sedibus.
3230 1819 3341 1876 Sed
3398 1820 3485 1892 (ιιι

1902 1909 2069 1963 semel
2102 1909 2300 1979 dicam)
2347 1925 2469 1963 cum
2517 1911 2700 1965 omnia
2750 1913 2817 1968 ab
2848 1926 2913 1967 eo
2953 1911 3486 1969 fuissent-traducta

1902 1999 1972 2056 ad
1999 1997 2353 2054 orthodoxam
2390 1983 2581 2065 fidem,
2619 2002 2939 2071 sopitusque
2987 2012 3132 2058 esset
3167 2001 3344 2056 omnis
3386 2000 3491 2054 llu-

1904 2101 2045 2156 etns,
2082 2106 2146 2146 ac
2184 2094 2370 2146 sedata
2410 2101 2719 2162 tempestas,
2751 2103 2813 2146 et
2847 2110 2936 2148 res
2964 2096 3201 2163 quietam
3232 2094 3487 2163 quaedam

1905 2180 2008 2234 alia
2047 2181 2242 2235 seditio
2274 2181 2555 2235 excitatur
2579 2197 2606 2235 a
2638 2182 2762 2251 piis,
2795 2190 2851 2238 et
2881 2199 2967 2237 res
3000 2182 3260 2238 Ecclesiae
3286 2186 3485 2239 iterum

1891 2269 2064 2325 ‘crant
2087 2271 2295 2334 divisae.
2325 2280 2485 2341 atque
2508 2272 2745 2326 redacta>
2775 2273 2828 2326 in
2852 2274 2988 2328 duas
3014 2274 3324 2341 opiniones,
3350 2272 3486 2326 Nam

1907 2360 1999 2416 alii
2046 2362 2266 2431 quidem
2311 2363 2568 2417 volebant
2620 2363 2856 2418 retinere
2915 2363 2969 2418 in
3012 2363 3319 2417 tninistcrio
3372 2377 3488 2427 eost,

1906 2454 1998 2524 qui
2032 2453 2351 2525 dignitatem
2391 2453 2683 2508 sacerdotii
2719 2465 3048 2526 acceperant
3092 2454 3162 2508 ab
3202 2452 3493 2509 iconoma-

1907 2546 2047 2607 chis,
2086 2554 2270 2615 utpote
2317 2545 2463 2616 quod
2497 2545 2600 2599 boc
2657 2544 2790 2598 nibil
2837 2542 3024 2613 pietati
3068 2541 3349 2598 officeret:
3398 2542 3491 2597 alii

1909 2646 2087 2694 autem
2126 2634 2366 2707 profanis
2400 2648 2588 2692 sancta
2634 2635 2850 2690 tradere
2901 2634 3188 2698 manibus,
3233 2631 3497 2703 putabant

1910 2731 2131 2785 omnino
2161 2743 2281 2784 esse
2337 2727 2582 2796 impium,
2633 2736 2688 2782 et
2724 2727 2947 2780 minime
2985 2724 3095 2780 Deo
3146 2734 3359 2795 grautm
3396 2737 3496 2779 nee

1911 2822 2326 2878 admittendum.
2364 2821 2603 2876 Fet-ebat
2632 2821 2684 2874 id
2720 2835 2885 2890 tegre,
2913 2819 3004 2888 qui
3048 2819 3156 2874 Deo
3183 2834 3307 2874 vere
3340 2818 3491 2872 rit-e-

1910 2911 2005 2968 bat
2029 2912 2353 2976 Hethodius,
2387 2910 2811 2981 augebaturque.
2832 2920 2886 2965 et
2910 2908 3255 2968 lacerabatur
3287 2907 3495 2975 rorde3

1914 3005 2296 3073 putabatenim
2327 3018 2578 3076 magnum
2604 3003 2828 3057 Paulum
2865 3009 3131 3058 resonare
3160 3000 3217 3055 in
3247 2998 3496 3066 auribus,

1916 3093 2031 3152 haec
2071 3095 2457 3167 propemodum
2487 3094 2799 3165 loquentem
2832 3115 2846 3151 ε
2892 3092 3112 3151 Utinam
3144 3093 3303 3150 sim-a
3339 3091 3499 3155 Chri·⁴

210 3202 374 3255 uun,
396 3199 456 3247 et
487 3190 834 3247 sacerdotum
871 3193 1122 3248 manibus
1150 3193 1450 3260 sublatum,
1477 3210 1604 3251 enm
1642 3195 1808 3253 ιυιιιῑ,
1839 3211 1882 3265 C
1916 3198 2001 3244 sto
2028 3188 2313 3243 anathema
2344 3203 2445 3257 pro
2468 3186 2731 3243 tratribus
2761 3188 2899 3244 meis
2918 3187 3218 3245 secundnm
3245 3200 3496 3247 carnem,

209 3283 401 3340 uilius
440 3290 496 3337 et
536 3281 803 3352 frequenti
842 3283 1180 3341 Psalmorum
1213 3288 1493 3352 cantu,·in
1525 3290 1704 3347 navim
1745 3290 1814 3349 ad

209 3374 338 3431 hoc
365 3382 620 3444 paratam
654 3374 861 3431 illatum
887 3384 996 3432 est.
1028 3376 1135 3432 Sed
1173 3393 1296 3434 eum
1330 3378 1529 3435 fretum
1558 3380 1811 3451 traiecis-

209 3476 336 3531 set,
380 3467 537 3524 etad
572 3466 732 3523 u‘rbis'
763 3466 920 3525 littus
964 3470 1471 3543 appropinquasset,
1530 3471 1627 3527 Dei
1682 3486 1814 3528 eura

207 3555 473 3615 michael
498 3555 793 3627 imperator
832 3557 1073 3629 iuvenis,
1106 3569 1162 3615 et
1187 3562 1540 3632 amplissimis
1577 3564 1817 3634 dignita-

211 3651 385 3707 tibus
421 3659 742 3720 praestantes
773 3650 895 3715 viri,
929 3660 986 3707 et
1022 3652 1257 3720 patricii,
1310 3661 1365 3707 et
1419 3655 1609 3724 reliqui
1639 3654 1814 3719 cives,

209 3740 344 3798 laeti
401 3738 656 3809 sanesque
688 3739 939 3795 manibus
974 3748 1245 3809 tenentes,
1280 3740 1497 3799 obviam
1525 3756 1815 3812 processe-

211 3842 372 3890 runt
400 3849 419 3888 τ
450 3841 504 3888 et
528 3845 711 3887 arcam
747 3831 893 3887 illam
922 3833 1240 3902 pretiosam,
1272 3847 1398 3889 cum
1420 3834 1523 3889 ilde
1551 3850 1617 3890 ae
1656 3851 1817 3893 reue-

210 3926 478 3989 ratione,
502 3923 742 3980 humeris
769 3925 884 3980 suis
906 3924 1221 3991 subeuntes,
1247 3924 1311 3983 ad
1356 3941 1605 3996 magnam
1644 3942 1817 3999 usque

205 4024 526 4086 gestarunt
582 4015 867 4073 ecclesiam
893 4058 907 4082 ,
946 4030 1013 4072 ex
1055 4031 1196 4087 qua,
1233 4017 1507 4088 pontificia
1553 4018 1816 4101 dignitate

1919 3279 1962 3335 si
1983 3281 2157 3335 modo
2180 3280 2446 3337 steteritis
2464 3280 2772 3347 nobiscum,
2798 3288 2853 3334 et
2879 3278 3245 3333 communiter
3274 3277 3496 3347 quidem

1922 3371 2249 3428 Trinitatem
2302 3371 2816 3444 glorificaverimus.
2842 3370 2914 3427 Et
2952 3371 3040 3425 ille
3085 3371 3303 3440 quidem
3333 3370 3413 3424 sic
3438 3384 3501 3423 se

1920 3463 2188 3533 habebam
2233 3465 2326 3520 Dei
2361 3475 2542 3521 autem
2584 3465 2793 3521 amicus
2853 3461 3198 3526 insinuatus,
3251 3461 3499 3517 incidens

1922 3558 1975 3613 in
2003 3574 2090 3614 res
2123 3559 2258 3615 adeo
2294 3560 2619 3615 turbatas...
2644 3557 3053 3628 archiepiscopi
3086 3555 3346 3613 Methodii
3387 3554 3504 3622 jaut

1920 3649 2194 3705 labantem
2250 3651 2532 3705 recreabat
2595 3651 2908 3705 animum...
2964 3648 3254 3704 Scribebat
3318 3657 3500 3701 autem

1920 3742 2221 3810 Methodio,
2257 3750 2315 3796 ut
2365 3740 2488 3797 illos
2547 3742 2729 3811 potius
2776 3742 3003 3796 liaberet
3057 3741 3204 3795 circa
3256 3738 3507 3795 ditinum

1919 3833 2273 3898 sacrificium,
2304 3844 2441 3904 quos
2472 3843 2655 3889 nosset
2680 3847 2803 3889 eum
2838 3847 2904 3888 eo
2933 3832 3141 3885 sentire
3170 3830 3222 3885 in
3248 3831 3501 3899 dogmate

1920 3924 2338 3982 Ortltodoxiae...
2381 3925 2519 3980 Cum
2561 3925 2645 3980 hee
2697 3923 2977 3978 venissent
3028 3923 3246 3985 litterae,
3281 3920 3505 3976 divinus

1919 4018 2139 4089 quidem
2205 4018 2511 4075 methodius
2587 4015 2860 4071 memoriae
2924 4013 3209 4069 mandavit
3267 4028 3328 4067 en
3383 4029 3505 4083 qna·

200 4108 528 4180 spoliatus.
560 4108 767 4179 ejectus
797 4104 990 4163 suerat.

293 4198 406 4257 16.
451 4199 578 4254 lude
613 4214 862 4266 rursum,
882 4201 1117 4272 assiduis
1146 4201 1237 4258 dtu
1276 4212 1550 4274 noctuque
1578 4202 1820 4260 Psalmo-

200 4306 362 4349 ωσι
401 4286 720 4346 festivorum
769 4290 1021 4347 cantibus
1052 4291 1292 4347 vicissim
1332 4292 1663 4357 utentes‚'et
1694 4300 1844 4348 cnm·

197 4382 388 4441 omni
426 4382 687 4438 lentinum
734 4394 931 4451 genere
983 4396 1079 4454 per
1111 4383 1342 4439 mediam
1398 4387 1587 4441 urbem
1644 4386 1818 4455 ipsum

195 4481 538 4546 gestantes.
576 4474 630 4529 in
668 4474 996 4531 Sanctorum
1041 4472 1422 4544 Apostolorum
1475 4477 1672 4547 templo
1704 4476 1818 4533 col-

193 4558 516 4625 locarunt.
567 4566 740 4622 Tartta
785 4575 968 4623 autem
1026 4575 1148 4622 erat
1199 4569 1582 4625 concurrentis
1636 4570 1816 4641 populi

187 4662 491 4717 virorum
530 4666 585 4713 et
641 4657 1001 4722 feminarum,
1072 4650 1238 4729 atrine
1299 4668 1520 4721 aetatunt
1574 4661 1815 4717 oninium

189 4750 557 4816 nsultitudo,
588 4757 646 4803 ut
678 4749 952 4804 numerari
981 4764 1087 4805 non
1137 4759 1340 4819 posset.
1385 4750 1443 4806 lo
1475 4750 1635 4806 biviis
1673 4751 1818 4807 enim

182 4852 254 4900 et
300 4842 626 4913 porticibus
655 4841 1073 4911 premebantur;
1105 4852 1160 4898 et
1194 4841 1395 4913 ubique
1431 4857 1528 4912 per
1565 4843 1671 4898 vim
1717 4843 1822 4898 sibi

184 4936 454 4990 exitum
481 4933 771 5002 parabant,
813 4933 952 4988 adeo
975 4943 1054 5000 ut,
1083 4935 1333 5004 quamvis
1361 4933 1567 4999 minim,
1601 4943 1824 5003 propter

185 5030 608 5098 {superatores
650 5035 704 5079 et
735 5024 1065 5091 sacerdotes,
1115 5025 1282 5082 variis
1325 5027 1661 5097 temporibus
1684 5025 1822 5080 cele·

181 5118 477 5175 beitates
505 5115 837 5182 exstiterint,
869 5115 1018 5173 nulla
1066 5127 1244 5173 tamen
1270 5132 1390 5175 cum
1447 5117 1550 5173 hac
1583 5116 1820 5173 conferri

177 5213 432 5279 queat.
478 5202 733 5259 Nonnulli
765 5205 931 5259 etiam
980 5204 1035 5260 in
1070 5205 1151 5259 via
1191 5205 1472 5275 spiritibus
1527 5206 1823 5262 immundis

177 5296 456 5359 vexati,
497 5297 623 5352 dum
671 5296 739 5351 ab
768 5294 891 5351 aliis
923 5298 1446 5367 comprimerentur,
1480 5298 1823 5353 miserandas

173 5400 420 5461 arque
457 5387 748 5444 maledicas
793 5404 954 5444 voces
982 5389 1600 5460 etttitteban13quorutn
1643 5404 1675 5445 e
1721 5405 1823 5443 utt-

169 5495 408 5541 mero
454 5478 671 5551 quidam
707 5480 779 5536 ab
826 5480 942 5551 ipso
994 5481 1165 5537 curati
1215 5489 1362 5535 sunt.
1419 5479 1606 5550 Populi
1661 5479 1826 5550 igitur

163 5576 460 5642 §mpetu
495 5574 578 5626 vix
611 5570 836 5636 evitato,
864 5581 1113 5627 sanctum
1141 5570 1327 5626 eximii
1358 5570 1683 5641 patriarebae
1711 5585 1825 5624 cor-

159 5676 350 5742 pus
406 5659 458 5717 itt
507 5664 872 5721 celeberrimo
913 5661 1293 5732 Apostolorum
1347 5662 1583 5733 templo,
1654 5662 1825 5718 sacris

157 5753 534 5830 mysteriis
565 5753 676 5813 Deo
702 5752 959 5828 peractis,
988 5753 1042 5810 in
1070 5752 1323 5825 sepulcro
1350 5767 1544 5809 reeens
1567 5762 1826 5809 constru-

168 5861 366 5912 cto,
412 5845 657 5906 manibus
709 5845 877 5920 ipsius
928 5841 1185 5902 Methodii
1225 5840 1584 5915 compositum
1626 5849 1728 5912 est,
1761 5857 1824 5900 ιιι

1920 4110 2120 4181 scripta
2154 4109 2385 4166 fuerant.
2428 4129 2446 4163 ι
2482 4107 2604 4164 llmc
2631 4108 2729 4175 ibi,
2756 4104 3010 4162 dicuntur
3038 4115 3220 4161 antem
3249 4122 3276 4159 a
3305 4118 3514 4160 sancto

1918 4202 2207 4260 lenonicio
2239 4202 2461 4274 plurimi
2498 4202 2734 4259 baeretici
2761 4200 3009 4257 conversi
3036 4217 3051 4263 ς
3084 4200 3205 4255 dein
3255 4216 3406 4255 ntnn.
3435 4200 3504 4255 57

1922 4297 2023 4352 ista
2056 4296 2124 4351 de
2143 4307 2335 4351 sancto
2366 4294 2636 4350 Methodio
2678 4293 2965 4348 habentur.

1995 4385 2082 4442 ts.
2107 4384 2309 4454 Quinto
2340 4400 2482 4441 anno
2512 4385 2721 4453 imperii
2749 4383 3045 4448 Michaelis,
3075 4384 3164 4452 qui
3198 4382 3500 4438 Ecclesiam

1926 4480 2144 4548 regebat
2175 4477 2503 4539 methodius,
2532 4491 2653 4530 enm
2692 4475 2869 4541 magni
2900 4473 3166 4527 joannicii
3209 4475 3274 4527 ad
3316 4475 3502 4527 Domi-

1855 4557 1895 4612 Ι)
1928 4586 2053 4624 num
2080 4569 2363 4625 decessum
2398 4566 2761 4638 praescivisset
2782 4566 3251 4637 appropinquare,
3280 4565 3346 4620 ad
3377 4581 3501 4621 eum

1930 4662 2095 4726 venit,
2131 4669 2187 4715 et
2241 4660 2460 4714 ultimas
2514 4673 2703 4728 preces
2747 4650 2815 4712 ab
2857 4672 2922 4713 eo
2964 4658 3135 4728 petiit.
3170 4655 3266 4711 lile
3311 4666 3499 4714 autem

1926 4752 2146 4807 nissimi
2182 4750 2387 4807 faciens
2421 4750 2698 4805 conveniri
2735 4765 2764 4804 a
2796 4747 3091 4812 ssetltodio,
3129 4759 3414 4817 postquam
3447 4757 3504 4802 et

1923 4846 1978 4898 ln
2008 4844 2224 4914 longum
2253 4855 2469 4914 tempas
2506 4860 2631 4899 curn
2677 4858 2741 4898 eo
2776 4841 3119 4914 produxisset
3166 4853 3502 4900 sermonem,

1923 4941 1977 4985 et
2007 4933 2202 4989 deinde
2228 4947 2385 4989 sacro
2402 4933 2571 4993 coettti
2596 4942 2758 5001 atque
2794 4946 2984 4987 recens
3004 4930 3178 4984 eleeto
3204 4929 3353 4998 gregi
3379 4943 3503 4997 quae

1919 5023 2145 5091 pietatis
2196 5031 2353 5078 eraut
2407 5025 2706 5089 suasisset,
2768 5023 2977 5089 «licens,
3030 5030 3092 5076 ιιι
3145 5020 3502 5076 immobiliter

1925 5123 2307 5185 permanerent
2344 5114 2396 5168 in
2422 5114 2525 5170 tide
2555 5114 2883 5177 orthodoxa,
2915 5127 3090 5183 neque
3119 5122 3497 5167 everterentur

1924 5222 1954 5261 a
1983 5206 2225 5276 profanis
2256 5207 2479 5262 vocibus
2514 5207 2916 5269 haereticorum,
2942 5215 2997 5261 et
3022 5205 3164 5260 inter
3189 5218 3247 5259 se
3275 5219 3504 5259 conset·-

1923 5308 2116 5353 varent
2148 5298 2519 5363 concordiam,
2552 5314 2727 5369 neque
2759 5297 3151 5367 blasphemiam
3184 5305 3238 5352 et
3272 5296 3503 5351 maledi-

1924 5403 2044 5442 cam
2084 5398 2364 5442 moverent
2411 5390 2464 5442 in
2507 5391 2855 5459 pontilicetn;
2888 5387 3166 5457 subjunxit
3204 5386 3350 5458 qnod
3389 5402 3495 5441 non

1926 5479 2154 5533 multum
2185 5489 2397 5550 tempus
2424 5490 2543 5551 post
2564 5495 2719 5537 suum
2739 5477 3021 5535 decessum
3053 5480 3264 5535 viveret
3294 5477 3505 5534 Metho-

1926 5571 2069 5627 dius.
2112 5570 2228 5638 Qua
2275 5573 2327 5626 in
2376 5587 2435 5627 re
2466 5587 2571 5627 non
2623 5572 2725 5627 suit
2764 5572 2971 5639 falsus;
3023 5572 3188 5629 tertio
3223 5573 3368 5627 enim
3413 5572 3503 5626 die

1925 5673 2211 5732 postquam
2248 5664 2363 5721 haec
2391 5664 2615 5719 dixisset
2638 5703 2655 5731 ,
2683 5663 3015 5731 loannicius‚
3050 5664 3245 5734 spiritu
3269 5663 3493 5734 quidem

1927 5752 2126 5822 migrat
2160 5752 2228 5809 ad
2259 5768 2323 5809 ea
2352 5768 2473 5825 qum
2511 5753 2789 5825 ditigebat.
2821 5753 3082 5810 deductus
3120 5768 3149 5806 a
3184 5751 3355 5807 choro
3387 5764 3491 5804 an·

1928 5845 2193 5916 getarum.
2227 5885 2243 5902 .
2280 5884 2297 5904 .
2340 5884 2355 5902 .
2396 5844 2700 5906 Methodius
2725 5856 2926 5917 autent,
2965 5846 3061 5920 qui
3092 5844 3235 5905 iuter
3263 5842 3500 5917 patriar-
