3984 6200
237 383 345 449 865
1151 388 1248 449 DE
1284 390 1537 452 REBUS
1572 392 1756 454 POST
1796 392 2244 455 MAURICIUM
2281 392 2569 453 GESTtS.
3037 389 3052 402 ”
3386 389 3494 453 806

237 512 268 548 a
300 507 389 550 me
430 491 646 552 auditus
684 493 883 565 partim
918 495 985 554 ab
1017 497 1139 555 aliis
1168 511 1430 569 exceptus
1463 517 1645 558 sermo
1680 503 1875 569 suerit,
1906 520 2030 560 cum
2060 514 2116 559 tu
2152 504 2282 558 illud
2312 505 2664 573 profitebare.
2698 501 2830 556 nihil
2867 500 2960 557 tibi
2998 501 3207 569 gratius
3248 516 3489 571 uuquam

148 641 161 652 ‚
238 580 514 637 exstitisse
543 580 702 638 bonis
732 583 947 640 artibus
986 586 1294 656 artiumque
1322 590 1532 659 peritis,
1580 604 1756 661 neque
1781 591 1836 646 in
1865 601 2172 660 posterum,
2206 606 2315 661 quo
2347 588 2520 658 major
2571 587 2892 644 sublevandi
2925 596 3071 643 esset
3108 585 3356 684 facultas,
3386 589 3492 644 ulla

238 667 291 724 in
324 683 380 722 re
406 667 736 724 defuturum.

304 752 666 821 Quamobrem
703 767 763 810 ut
804 756 919 827 ejus
948 759 1098 815 vocis
1134 761 1460 832 consiliique
1493 764 1862 830 meminisses,
1922 774 2177 834 tanquam
2226 764 2631 818 admonitorem
2673 762 2904 834 allegavi
2975 760 3342 831 Nicephorum
3389 781 3492 818 no-

232 851 443 908 strum,
485 844 578 913 qui
606 843 709 900 tibi
741 858 866 899 cum
907 847 1161 916 privatim
1204 849 1287 904 sui
1324 859 1437 903 tum
1468 852 1745 906 communi
1790 851 2011 907 nomine
2056 851 2357 906 litterarum
2389 851 2755 919 patrocinium
2803 849 3065 915 deferret.
3118 852 3279 906 simul
3323 856 3489 906 etiam

236 941 474 1002 rogaret,
500 932 643 1002 quod
672 933 727 988 in
762 933 829 989 iis
859 935 1162 991 tractandis
1190 937 1621 1007 proliteutlisque
1656 949 1843 994 nostra
1878 940 2119 995 societas
2153 938 2418 1000 elaboret,
2453 948 2664 1009 partem
2697 948 2754 993 ut
2782 940 2849 994 ad
2876 955 2995 995 eam
3024 940 3261 1010 aliquam
3287 941 3495 997 sollici-

235 1017 439 1074 tudinis
474 1018 637 1089 hujus
665 1019 1169 1092 benevolentiaeque
1217 1023 1582 1092 transterres3
1614 1036 1672 1079 ut
1705 1026 1773 1081 iis
1801 1027 2000 1096 quibus
2031 1041 2177 1096 saepe
2214 1025 2417 1094 jactata
2467 1034 2552 1082 est
2605 1028 2871 1082 molestiis
2902 1026 3191 1097 perfuncta
3234 1044 3340 1084 non
3379 1037 3492 1084 tam

235 1103 348 1174 ipsa
399 1106 790 1176 conquiescere
844 1108 1036 1178 possit,
1071 1125 1234 1178 quam
1258 1121 1313 1164 et
1338 1110 1598 1168 Ecclesia!
1651 1111 1844 1169 officiis
1890 1115 2143 1169 omuibus
2183 1125 2239 1169 ct
2281 1115 2655 1171 doctrinarum
2692 1115 2892 1170 studiis
2928 1115 3131 1186 vigiliis
3185 1116 3493 1172 laboribus-

232 1205 341 1261 que
379 1192 497 1248 suis
551 1194 821 1249 commodi
872 1195 1077 1264 aliquid
1131 1196 1349 1254 afferre.
1386 1197 1462 1253 De
1510 1213 1598 1254 me
1627 1214 1759 1254 vero
1808 1203 1951 1271 quod
2001 1201 2272 1269 praecipue
2320 1201 2586 1271 postulem
2638 1202 2770 1256 nihil
2825 1212 2927 1266 est,
2989 1202 3094 1260 uisi
3146 1213 3204 1257 ut
3249 1204 3494 1260 audacias

234 1279 379 1420 ἔξω
408 1278 807 1422 ἱοιῧιρῗὲιῗὲἀο
837 1296 972 1337 meze
1000 1284 1083 1338 sic
1109 1284 1362 1354 ignoscas
1386 1295 1445 1342 nt
1478 1287 1652 1341 amori
1695 1301 1823 1358 erga
1850 1297 1903 1342 te
1931 1287 2308 1356 voluntatique
2358 1286 2565 1343 faveas.
2604 1287 2754 1343 Vale.
2809 1287 3056 1345 Lutetiae.
3085 1288 3263 1344 Puris.
3296 1291 3329 1344 6
3366 1291 3491 1345 Kal.

305 1374 385 1436 pt.
411 1380 468 1421 a.
538 1403 556 1422 .
733 1403 751 1420 .

668 1751 789 1842 1).
865 1749 1351 1844 PETAVII
1425 1749 1574 1840 Al)
1645 1750 2286 1844 LECTOREM
2361 1752 3044 1846 PRAEFATIO.

292 1962 590 2037 nicephori
632 1963 934 2038 epitomen,
980 1980 1143 2037 quam
1179 1966 1272 2022 bic
1313 1965 1408 2024 tibi
1439 1967 1654 2030 damus,
1690 1963 1929 2022 candide
1965 1973 2021 2018 et
2049 1965 2264 2021 erudite
2293 1964 2512 2032 Lector,
2544 1963 2855 2036 accepimus
2878 1980 2906 2019 a
2936 1964 3007 2021 R.
3034 1965 3096 2021 P.
3123 1964 3328 2024 Jacobo
3370 1967 3489 2023 Sir-

228 2051 452 2122 mondo,
481 2051 574 2124 qui
607 2065 727 2110 eam
761 2052 951 2110 Romae
983 2069 1045 2109 ex
1082 2054 1254 2110 veteri
1288 2052 1591 2126 exemplari
1621 2051 1934 2122 descripsit.
1959 2051 2038 2107 De
2061 2060 2287 2107 auctore
2309 2065 2473 2123 porro
2504 2051 2623 2122 ipso
2653 2060 2835 2107 exstat
2862 2050 3042 2107 Photii
3076 2054 3127 2107 iu
3154 2053 3486 2110 Bibliotheca

225 2139 628 2210 perhonorinca
675 2141 905 2208 mentio,
945 2156 1050 2212 qua
1085 2150 1140 2198 et
1164 2140 1438 2213 epit‘omen
1477 2141 1639 2195 istam
1694 2152 2035 2211 magnopere
2080 2139 2450 2204 commendat,
2483 2150 2539 2194 et
2573 2138 2674 2196 bac
2705 2154 2812 2194 una
2860 2138 3242 2196 lucubratione
3275 2141 3488 2212 judicat

225 2243 337 2285 non
367 2242 698 2300 provocasse
749 2230 909 2285 modo
955 2230 1271 2304 superiores
1316 2227 1751 2299 quamplurimos
1806 2228 1902 2283 sed
1951 2224 2113 2297 longo
2149 2225 2315 2281 etiam
2369 2226 2659 2281 intervallo
2721 2241 3036 2296 superasse.
3073 2227 3146 2283 be
3181 2226 3306 2283 aliis
3353 2244 3485 2284 vero

227 2313 441 2372 relictis
465 2315 536 2372 ab
568 2329 635 2371 eo
661 2315 1012 2372 monimentis
1050 2331 1123 2372 ne
1142 2315 1310 2373 verbo
1350 2314 1569 2388 quidem
1604 2312 1891 2370 meminit.
1929 2312 2008 2368 Ex
2039 2328 2148 2383 qun
2193 2312 2354 2368 dubia
2403 2314 2578 2369 videri
2614 2324 2794 2383 potest
2843 2315 3150 2370 communis
3192 2317 3482 2381 sententia,

224 2416 350 2471 quae
375 2415 503 2458 cum
540 2401 646 2459 boc
675 2400 985 2473 Nicephoro
1034 2403 1360 2473 scriptorem
1401 2401 1647 2471 ejusdem
1692 2400 1934 2456 nominis
1982 2401 2216 2454 atterum
2268 2400 2575 2466 contundit,
2608 2400 2763 2471 cujus
2803 2402 3008 2457 editum
3053 2411 3139 2456 est
3176 2403 3486 2459 chronicon

226 2483 437 2544 Latine
465 2488 595 2544 olim
624 2504 657 2544 a
689 2490 897 2556 multis,
931 2486 1122 2546 Graece
1168 2490 1334 2545 etiam
1368 2505 1399 2544 a
1430 2489 1727 2558 scaligero.
1759 2488 1968 2543 Etenim
2004 2503 2126 2542 cum
2164 2489 2305 2542 inter
2341 2486 2660 2559 Cpolitanos
2709 2489 2991 2557 pontifices
3029 2487 3256 2546 Photius
3295 2491 3487 2547 eodem

225 2578 281 2634 in
309 2576 588 2634 Chronico
624 2587 961 2642 numeretur,
993 2577 1142 2633 credi
1171 2585 1351 2647 potest
1377 2591 1487 2631 uon
1521 2577 1628 2632 hoc
1648 2590 1773 2631 esse
1796 2575 1866 2629 ab
1890 2587 1956 2628 eo
1990 2571 2298 2643 Nicepboro
2331 2571 2636 2642 protectum
2662 2574 2754 2644 qui
2790 2583 3077 2639 tuni.cuu1
3124 2578 3226 2632 ista
3261 2578 3488 2634 Photius

232 2664 489 2735 scripsit.
517 2678 551 2721 e
576 2664 686 2724 xita
720 2663 1045 2720 discesserat
1089 2674 1252 2734 atque
1279 2665 1342 2718 ἐν
1369 2663 1573 2733 ἁγίοις.
1609 2671 1673 2718 ιιι
1704 2663 1793 2718 bic
1824 2640 2085 2732 loquitur,
2123 2661 2228 2716 boc
2268 2670 2354 2716 est
2389 2671 2702 2716 sauctorum
2749 2676 2981 2717 numero
3012 2674 3131 2717 erat
3175 2663 3484 2730 adjunctus.

238 2748 450 2810 Verum
479 2751 596 2808 fleri
622 2762 802 2823 potest
828 2760 887 2806 ut
922 2754 993 2807 ad
1030 2751 1341 2808 Chronicou
1386 2750 1678 2820 Nicephori
1725 2750 2000 2805 recentior
2030 2749 2121 2803 illa
2153 2764 2349 2803 manus
2376 2747 2662 2818 adiecerit.
2696 2748 2986 2819 Utcunque
3010 2766 3097 2806 res
3134 2750 3186 2805 b.
3187 2753 3315 2814 ·,bet
3353 2754 3488 2808 nihil

224 2852 560 2898 esseeausae
601 2839 819 2894 videtur
860 2839 991 2910 quin
1033 2839 1373 2910 Nicephorus
1411 2849 1598 2894 noster
1648 2837 1959 2907 patriarcha
2007 2835 2100 2890 ille
2134 2836 2206 2892 sit
2252 2834 2342 2906 qui
2385 2846 2468 2891 est
2512 2839 2568 2890 in
2601 2834 2693 2890 illo
2723 2835 3000 2891 Chronico
3049 2839 3240 2895 ordine
3283 2840 3373 2895 78.
3414 2839 3488 2895 De

221 2939 341 2997 quo
372 2925 574 2980 ibidem
632 2925 750 2981 haec
786 2927 1135 2996 produntur:
1166 2924 1532 2998 Νικηφόροςὸ
1559 2921 1865 2996 canapini:
1921 2922 2157 2994 μοναχὸς
2218 2923 2461 2992 γεγονὼς
2514 2925 2611 2994 ἔτη
2660 2921 2728 2978 Θ’.
2786 2924 2894 2978 Καὶ
2942 2924 3029 2991 ὲξε
3037 2925 3210 2996 6λὴοη
3245 2926 3351 2980 ὑπὸ
3388 2925 3487 2980 τοῦ

219 3012 463 3078 aneos<
480 3013 711 3078 Λέοντος
738 3014 832 3070 τοῦ
874 3014 1172 3087 Ἁρμένην.
1208 3013 1339 3083 Quae
1355 3013 1547 3070 Latine
1578 3013 1684 3070 hoc
1715 3009 2076 3081 significant:
2111 3008 2444 3080 Nicepltorus
2478 3027 2510 3063 ιι
2540 3011 2753 3064 secretis
2783 3015 3073 3067 monachus
3108 3016 3242 3067 sedit
3264 3031 3317 3067 a.
3350 3013 3405 3079 9,
3435 3025 3488 3067 et

219 3102 291 3159 ab
320 3102 486 3170 inpio
530 3099 705 3158 Leone
754 3105 983 3158 Armeno
1015 3104 1071 3158 iu
1105 3104 1352 3158 exsilium
1382 3102 1579 3175 ejectus
1607 3111 1705 3155 eat.
1749 3098 1883 3153 Nam
1919 3107 1973 3156 et
2000 3097 2193 3152 unicus
2228 3098 2317 3154 hit·¹
2348 3109 2473 3153 ante
2519 3096 2772 3154 Photium
2817 3098 3126 3170 patriarcba
3168 3099 3489 3171 Cpolitauus

221 3186 361 3251 ruit,
396 3197 456 3244 ut
485 3187 675 3245 abillo
720 3204 881 3245 nemo
909 3188 1049 3246 alius
1099 3190 1328 3260 intelligi
1368 3190 1631 3262 potuerit,
1663 3195 1719 3244 et
1747 3187 1889 3241 inter
1935 3197 2158 3241 sanctos
2189 3201 2295 3241 uon
2342 3183 2715 3241 Graeculorum
2764 3188 3140 3242 assentatione
3187 3187 3361 3241 solum
3393 3191 3488 3242 sed

217 3276 397 3334 ettam
427 3276 701 3330 communi
744 3274 999 3332 Ecclesiae
1031 3275 1295 3349 suffragio
1343 3283 1592 3346 receptus
1627 3284 1711 3330 est
1741 3291 1755 3328 ε
1787 3271 1947 3343 hujus
1985 3272 2131 3327 euim
2174 3275 2438 3328 memoria
2493 3288 2521 3326 a
2561 3272 2772 3328 Latinis
2802 3274 2838 3329 5
2887 3274 2966 3331 ld.
2996 3273 3188 3340 Maias,
3217 3288 3248 3328 a
3282 3273 3488 3330 Graccis

222 3361 263 3420 4
299 3358 449 3418 Non.
482 3358 674 3417 lunias
713 3361 1103 3423 ecclesiasticis
1130 3372 1215 3418 est
1241 3369 1560 3418 cotasecrata
1603 3359 1823 3426 tabulis,
1856 3370 2144 3430 postquam
2171 3373 2202 3413 a
2232 3357 2417 3415 Leone
2456 3360 2699 3415 Armeno
2745 3359 3082 3416 iconoclasta
3115 3361 3490 3431 perditissimo

220 3451 490 3507 redactus
520 3450 574 3506 in
616 3451 865 3517 ordinem
895 3466 950 3507 a.
976 3451 1043 3508 D.
1080 3451 1206 3515 898,
1228 3451 1407 3508 exsilii
1441 3450 1531 3519 tt,
1561 3450 1794 3507 feliciter
1814 3467 1846 3506 e
1883 3448 2026 3504 vivis
2054 3447 2314 3503 excessit.
2349 3447 2593 3514 Quocum
2627 3449 2900 3519 praecipua
2937 3446 3225 3504 Theodoro
3255 3447 3488 3504 Studitoe

226 3536 354 3592 viro
380 3532 743 3607 sanctissimo
774 3537 1119 3595 familiaritas
1146 3538 1477 3596 intercessit.
1512 3537 1795 3594 Postremo
1820 3550 1988 3593 unum
2019 3535 2396 3591 admonendus
2415 3549 2498 3601 es,
2519 3532 2839 3605 Nicephori,
2868 3536 3010 3604 quod
3037 3550 3204 3605 penes
3233 3550 3334 3591 uos
3360 3533 3487 3599 fuit,

223 3624 604 3696 apographum
632 3625 837 3695 passim
878 3627 1197 3683 mendosum
1228 3642 1293 3682 ac
1319 3628 1674 3698 depravatum
1718 3624 1912 3692 luisse,
1945 3637 2175 3693 nosque,
2201 3630 2262 3678 ut
2287 3621 2634 3679 tolerabilem
2675 3638 2898 3680 sensum
2929 3624 3277 3690 eliceremus,
3310 3624 3488 3694 pluri-

222 3726 383 3767 mum
416 3710 473 3766 iu
500 3712 918 3783 interpretando
949 3714 1230 3769 laborasse
1259 3732 1274 3769 ε
1304 3728 1490 3768 verum
1517 3728 1586 3769 ex
1608 3727 1671 3768 ea
1701 3712 1822 3782 lege
1851 3725 2014 3781 quam
2046 3709 2176 3764 ollm
2223 3708 2382 3765 nobis
2420 3708 2803 3780 imposuimus,
2855 3710 2989 3764 nibil
3023 3723 3121 3764 nos
3149 3710 3202 3764 iu
3227 3720 3485 3765 contextu
3543 3770 3560 3777 ‚

230 3797 361 3869 ipso
399 3806 665 3865 mutasse,
702 3808 899 3869 preter
945 3798 1219 3856 levissima
1253 3799 1500 3871 quaedam
1544 3798 1877 3867 omninoque
1924 3793 2233 3859 manifesta,
2268 3804 2433 3866 atque
2465 3795 2521 3850 iu
2554 3795 2808 3851 omnibus
2858 3796 3221 3867 Pythagorico
3268 3794 3491 3851 decreto

223 3883 504 3956 paruisse,
541 3885 686 3955 quod
715 3900 785 3942 ex
817 3884 1040 3958 Syuesii
1095 3886 1263 3941 Dione
1300 3893 1553 3954 tanquam
1581 3898 1648 3939 ex
1683 3881 1904 3939 Solonis
1949 3880 2150 3938 tabulis
2194 3881 2451 3937 hocloco
2501 3880 2885 3952 proferendum
2934 3892 3041 3948 est,
3090 3883 3313 3951 dignum
3352 3897 3491 3937 sane

223 3970 377 4043 quod
402 3971 578 4026 critici
607 3984 808 4029 omnes
835 3981 960 4027 aute
988 3970 1180 4027 oculos
1217 3972 1472 4039 babeant,
1505 3970 1572 4024 ad
1619 3969 1781 4040 idque
1828 3977 2058 4024 conatus
2113 3982 2179 4025 ac
2236 3967 2644 4025 lucubrationes
2681 3975 3139 4027 accommodent:
3167 3970 3489 4041 Πυθαγόρας

220 4056 567 4130 Μνησάρχου
611 4056 816 4132 Σάμιος
863 4059 1270 4131 ἐπιγέγραπται
1306 4056 1385 4129 τῷ
1419 4057 1590 4129 νόμῳ,
1636 4056 1786 4123 ὅστις
1813 4058 1845 4110 ὁ
1872 4056 2040 4127 νόμος
2070 4056 2172 4111 οὐκ
2208 4057 2274 4128 ἰᾷ
2306 4059 2424 4121 τοῖς
2461 4055 2691 4128 scotum
2728 4056 3025 4126 δπιποιεῐν,
3064 4058 3206 4114 ἀλλὰ
3234 4058 3488 4130 βούλεται

224 4144 420 4217 μένειν
446 4144 589 4202 αὐτὰ
617 4146 712 4201 tat
743 4146 845 4218 τῆς
867 4144 1092 4219 πρώτης
1123 4145 1330 4219 χειρὸς,
1360 4145 1510 4210 ὅπως
1538 4143 1671 4199 ποτὶ
1698 4142 1825 4215 ἔσχε
1854 4143 2026 4217 τύχης
2054 4144 2088 4216 ἢ
2119 4144 2341 4217 τέχνης.

1294 4474 1303 4485 ’
1392 4540 2307 4659 ΠΡΟΘΕΩΡΙΑ.

298 4762 379 4819 Ex
424 4763 670 4821 omnium
728 4762 1121 4833 imperatorum
1175 4777 1403 4819 numero
1458 4761 1730 4817 nemiuem
1782 4767 2027 4833 reperies
2074 4769 2166 4838 qui
2210 4778 2307 4825 aut
2353 4770 2655 4827 difficiliora
2703 4786 2866 4843 quam
2913 4770 3196 4827 Heraclius
3239 4780 3481 4839 tempora

222 4858 433 4904 nactus
458 4847 534 4902 sit
560 4856 655 4900 aut
686 4844 841 4917 plura
874 4845 1368 4916 praestantior-aque
1401 4844 1553 4905 brevi
1584 4845 1720 4899 adeo
1766 4847 1943 4916 spatio
1989 4850 2302 4918 perfecerit.
2349 4852 2554 4909 Eadem
2589 4867 2723 4908 vero
2764 4853 2853 4909 illa
2892 4861 3133 4923 tempora
3171 4868 3276 4907 non
3309 4855 3484 4924 magis

223 4930 367 4985 olim
401 4928 662 4985 bellorum
697 4928 1021 4984 tumultibus
1067 4939 1226 4983 erant
1257 4943 1421 4999 qnam
1446 4927 1609 4983 hodie
1652 4929 1969 4985 narratione
1993 4931 2107 4999 ipsa
2136 4941 2263 4988 sunt
2297 4943 2462 5006 atque
2507 4949 2774 4989 annorum
2824 4935 2969 4990 serie
2998 4936 3335 5002 perturbata.
3372 4936 3485 4991 lloc

220 5013 379 5069 enim
411 5012 549 5067 citra
598 5010 858 5067 invidiam
891 5010 996 5066 dici
1030 5019 1228 5078 potest,
1284 5010 1489 5065 nultum
1522 5010 1630 5065 buc
1658 5025 1831 5080 usque
1857 5013 2176 5077 chronicon,
2233 5018 2461 5073 annales
2506 5017 2688 5074 nullos
2734 5019 3034 5083 exstitisse,
3065 5019 3117 5073 iu
3146 5019 3341 5087 quibus
3376 5035 3484 5074 uon

220 5097 324 5153 illa
360 5102 693 5167 praepostere
714 5092 991 5163 descripta
1022 5095 1153 5161 sint,
1190 5104 1353 5165 atque
1381 5107 1449 5148 ex
1476 5106 1741 5148 annorum
1770 5093 1850 5148 vel
1882 5094 2277 5165 anticipatione
2301 5099 2383 5153 vel
2415 5098 2737 5171 trajectione
2782 5099 2899 5154 vitii
2932 5099 3135 5170 aliquid
3170 5101 3482 5157 adhaeserit.

222 5178 500 5247 Equidem
548 5176 893 5247 quantumin
923 5176 1029 5232 illis
1078 5177 1275 5246 partim
1318 5175 1580 5233 eruendis
1620 5176 1821 5246 partim
1871 5180 2231 5235 emendandis
2275 5195 2457 5250 operae
2496 5182 2794 5249 posuerim,
2841 5182 2973 5260 mibi
3020 5183 3135 5250 ipse
3181 5197 3300 5238 sum
3347 5200 3485 5240 ron-

221 5264 429 5316 scius.
466 5267 729 5328 quantum
778 5272 941 5330 porro
987 5266 1316 5315 consecutus
1350 5259 1569 5323 fuerim,
1620 5259 1765 5316 malo
1810 5260 1864 5314 id
1904 5260 2136 5316 aliorum
2178 5262 2387 5332 iudicio
2436 5265 2743 5335 relinquere
2797 5278 2959 5335 quam
2997 5267 3051 5320 in
3092 5266 3336 5323 oratione
3364 5284 3484 5323 mca

224 5356 457 5416 ponere.

302 5429 580 5479 auctores
621 5438 751 5479 vero
778 5438 844 5480 ac
872 5424 1040 5480 duces
1068 5424 1290 5480 adhibui
1342 5437 1464 5479 cum
1506 5423 1643 5478 alios
1694 5423 2011 5493 plerosque,
2051 5434 2164 5480 tum
2219 5426 2527 5483 cedrenum
2555 5444 2621 5483 ac
2655 5426 3064 5500 Theophanem,
3106 5431 3262 5500 cuius
3291 5430 3480 5489 Graeca

224 5510 477 5565 nondum
505 5508 561 5563 in
586 5507 729 5563 hanc
756 5508 898 5563 diem
940 5507 1155 5578 vulgata
1184 5521 1348 5577 penes
1381 5524 1481 5563 nos
1508 5508 1822 5574 habuimus,
1863 5516 1976 5562 tum
2024 5507 2454 5565 Alexandrinum
2507 5510 2820 5568 chronicon
2860 5514 2977 5569 sive
3007 5511 3202 5570 Fastos
3245 5516 3481 5580 Siculos,

224 5606 375 5660 quos
398 5590 508 5644 boc
538 5604 683 5644 auno
711 5590 770 5645 P.
806 5588 1091 5647 Matthaeus
1123 5590 1390 5657 Raderus,
1423 5589 1506 5644 vir
1538 5605 1660 5646 eum
1709 5590 1903 5662 primis
1933 5590 2202 5656 eruditus,
2232 5593 2284 5645 iu
2315 5592 2489 5649 lucem
2516 5595 2706 5651 edidit.
2741 5594 2946 5650 florum
2996 5601 3325 5653 auctoritate
3357 5600 3480 5653 freti

224 5686 339 5725 saon
368 5672 537 5727 modo
571 5672 702 5742 quid
742 5686 1070 5743 unoquoque
1109 5672 1457 5741 imperaturis
1486 5687 1627 5727 auno
1659 5686 1869 5742 gestum
1902 5674 1975 5729 sit
2007 5687 2264 5731 accurate
2294 5676 2667 5741 distinximus,
2700 5693 2889 5733 verum
2927 5681 3115 5747 etiam,
3150 5679 3295 5751 quod
3323 5693 3480 5751 caput

224 5764 335 5819 est,
364 5755 584 5810 cuinam
612 5764 754 5812 esset
779 5754 993 5811 iuliano
1025 5768 1168 5810 anno
1199 5755 1568 5817 tribuendum,
1617 5770 1722 5825 qua
1768 5757 1894 5811 anni
1925 5756 2290 5814 modulatione
2335 5759 2561 5814 annales
2599 5763 2772 5818 nostri
2800 5776 2988 5820 omncs
3017 5780 3079 5820 ac
3110 5766 3474 5834 chronologus
