<?xml version="1.0" encoding="UTF-8"?>
<!DOCTYPE html PUBLIC "-//W3C//DTD XHTML 1.0 Transitional//EN"
    "http://www.w3.org/TR/xhtml1/DTD/xhtml1-transitional.dtd">
<html xmlns="http://www.w3.org/1999/xhtml" xml:lang="en" lang="en">
 <head>
  <title>
</title>
<meta http-equiv="Content-Type" content="text/html;charset=utf-8" />
  <meta name='ocr-system' content='tesseract 3.04.00' />
  <meta name='ocr-capabilities' content='ocr_page ocr_carea ocr_par ocr_line ocrx_word'/>
</head>
<body>
  <div class='ocr_page' id='page_1' title='image "./patrologicursus106migngoog_0763.png"; bbox 0 0 3984 6200; ppageno 0'>
   <div class='ocr_carea' id='block_1_1' title="bbox 267 382 402 450">
    <p class='ocr_par' dir='ltr' id='par_1_1' title="bbox 267 382 402 450">
     <span class='ocr_line' id='line_1_1' title="bbox 267 382 402 450; baseline -0.007 0"><span class='ocrx_word' id='word_1_1' title='bbox 267 382 402 450; x_wconf 81' lang='lat'>1521</span> 
     </span>
    </p>
   </div>
   <div class='ocr_carea' id='block_1_2' title="bbox 1117 379 2573 447">
    <p class='ocr_par' dir='ltr' id='par_1_2' title="bbox 1117 379 2573 447">
     <span class='ocr_line' id='line_1_2' title="bbox 1117 379 2573 447; baseline -0.001 -5"><span class='ocrx_word' id='word_1_2' title='bbox 1117 382 1198 443; x_wconf 83' lang='lat' dir='ltr'><strong>IN</strong></span> <span class='ocrx_word' id='word_1_3' title='bbox 1240 383 1344 444; x_wconf 70' lang='lat'><strong>58.</strong></span> <span class='ocrx_word' id='word_1_4' title='bbox 1387 381 1618 446; x_wconf 76' lang='lat' dir='ltr'>MART.</span> <span class='ocrx_word' id='word_1_5' title='bbox 1660 384 1964 447; x_wconf 61' lang='lat' dir='ltr'>cosstAM</span> <span class='ocrx_word' id='word_1_6' title='bbox 2003 385 2098 447; x_wconf 82' lang='grc' dir='ltr'><strong>ΕΤ</strong></span> <span class='ocrx_word' id='word_1_7' title='bbox 2139 379 2573 445; x_wconf 75' lang='grc' dir='ltr'><strong>ΒΑΜῙΑΝΠΜ.</strong></span> 
     </span>
    </p>
   </div>
   <div class='ocr_carea' id='block_1_3' title="bbox 3399 374 3533 441">
    <p class='ocr_par' dir='ltr' id='par_1_3' title="bbox 3399 374 3533 441">
     <span class='ocr_line' id='line_1_3' title="bbox 3399 374 3533 441; baseline -0.007 -2"><span class='ocrx_word' id='word_1_8' title='bbox 3399 374 3533 441; x_wconf 71' lang='grc'><strong>1529.</strong></span> 
     </span>
    </p>
   </div>
   <div class='ocr_carea' id='block_1_4' title="bbox 267 484 3538 570">
    <p class='ocr_par' dir='ltr' id='par_1_4' title="bbox 267 484 3538 570">
     <span class='ocr_line' id='line_1_4' title="bbox 267 484 3538 570; baseline -0.005 -16"><span class='ocrx_word' id='word_1_9' title='bbox 267 494 537 567; x_wconf 80' lang='grc' dir='ltr'><strong>ἀλγεινῶν</strong></span> <span class='ocrx_word' id='word_1_10' title='bbox 584 492 680 551; x_wconf 58' lang='grc' dir='ltr'><strong>καί</strong></span> <span class='ocrx_word' id='word_1_11' title='bbox 713 493 855 570; x_wconf 74' lang='grc' dir='ltr'><strong>αὐτὴ</strong></span> <span class='ocrx_word' id='word_1_12' title='bbox 914 494 1333 567; x_wconf 77' lang='grc' dir='ltr'><strong>χαλεπώτερον,</strong></span> <span class='ocrx_word' id='word_1_13' title='bbox 1394 495 1491 549; x_wconf 75' lang='grc' dir='ltr'><strong>καὶ</strong></span> <span class='ocrx_word' id='word_1_14' title='bbox 1537 492 1639 567; x_wconf 85' lang='grc' dir='ltr'><strong>τῆς</strong></span> <span class='ocrx_word' id='word_1_15' title='bbox 1691 495 1850 566; x_wconf 79' lang='grc' dir='ltr'><strong>ὑμῶν</strong></span> <span class='ocrx_word' id='word_1_16' title='bbox 1881 507 1922 565; x_wconf 65' lang='grc' dir='ltr'><strong>Α</strong></span> <span class='ocrx_word' id='word_1_17' title='bbox 1955 502 2225 559; x_wconf 79' lang='lat' dir='ltr'>vestrum,</span> <span class='ocrx_word' id='word_1_18' title='bbox 2248 506 2344 548; x_wconf 87' lang='lat' dir='ltr'><strong>sen</strong></span> <span class='ocrx_word' id='word_1_19' title='bbox 2373 489 2548 561; x_wconf 76' lang='lat' dir='ltr'>magis</span> <span class='ocrx_word' id='word_1_20' title='bbox 2587 484 2980 557; x_wconf 73' lang='lat' dir='ltr'>inspectionem</span> <span class='ocrx_word' id='word_1_21' title='bbox 3012 499 3077 540; x_wconf 84' lang='lat' dir='ltr'><strong>ac</strong></span> <span class='ocrx_word' id='word_1_22' title='bbox 3112 497 3327 550; x_wconf 89' lang='lat' dir='ltr'>curam,</span> <span class='ocrx_word' id='word_1_23' title='bbox 3353 486 3538 554; x_wconf 80' lang='lat' dir='ltr'>requi·</span> 
     </span>
    </p>
   </div>
   <div class='ocr_carea' id='block_1_5' title="bbox 265 585 1878 1854">
    <p class='ocr_par' dir='ltr' id='par_1_5' title="bbox 265 585 1878 1305">
     <span class='ocr_line' id='line_1_5' title="bbox 268 585 1846 661; baseline -0.001 -17"><span class='ocrx_word' id='word_1_24' title='bbox 268 586 612 660; x_wconf 83' lang='grc' dir='ltr'><strong>ἐπικουρίας,</strong></span> <span class='ocrx_word' id='word_1_25' title='bbox 645 586 847 660; x_wconf 76' lang='grc' dir='ltr'><strong>μᾶλλον</strong></span> <span class='ocrx_word' id='word_1_26' title='bbox 885 587 929 642; x_wconf 77' lang='grc' dir='ltr'><strong>δ’</strong></span> <span class='ocrx_word' id='word_1_27' title='bbox 962 585 1309 658; x_wconf 71' lang='grc' dir='ltr'><strong>ἐπισκέψεως</strong></span> <span class='ocrx_word' id='word_1_28' title='bbox 1341 587 1618 661; x_wconf 87' lang='grc' dir='ltr'><strong>δεόμενον.</strong></span> <span class='ocrx_word' id='word_1_29' title='bbox 1652 588 1846 660; x_wconf 81' lang='grc' dir='ltr'><strong>Ἔχετε</strong></span> 
     </span>
     <span class='ocr_line' id='line_1_6' title="bbox 265 679 1848 753; baseline -0.003 -16"><span class='ocrx_word' id='word_1_30' title='bbox 265 681 364 738; x_wconf 76' lang='grc' dir='ltr'><strong>καὶ</strong></span> <span class='ocrx_word' id='word_1_31' title='bbox 405 681 527 737; x_wconf 80' lang='grc' dir='ltr'><strong>κατ’</strong></span> <span class='ocrx_word' id='word_1_32' title='bbox 553 680 756 752; x_wconf 78' lang='grc' dir='ltr'><strong>,αὐτῆς</strong></span> <span class='ocrx_word' id='word_1_33' title='bbox 799 679 901 753; x_wconf 77' lang='grc' dir='ltr'><strong>τὴν</strong></span> <span class='ocrx_word' id='word_1_34' title='bbox 961 679 1234 746; x_wconf 80' lang='grc' dir='ltr'><strong>ἐξουσίαν,</strong></span> <span class='ocrx_word' id='word_1_35' title='bbox 1295 680 1373 744; x_wconf 87' lang='grc' dir='ltr'><strong>ώς</strong></span> <span class='ocrx_word' id='word_1_36' title='bbox 1426 679 1611 752; x_wconf 69' lang='grc' dir='ltr'><strong>ἔργοις</strong></span> <span class='ocrx_word' id='word_1_37' title='bbox 1664 681 1848 746; x_wconf 76' lang='grc' dir='ltr'><strong>αὐτοῖς</strong></span> 
     </span>
     <span class='ocr_line' id='line_1_7' title="bbox 269 771 1849 846; baseline -0.003 -15"><span class='ocrx_word' id='word_1_38' title='bbox 269 773 520 831; x_wconf 78' lang='grc' dir='ltr'><strong>κοινωνοὶ</strong></span> <span class='ocrx_word' id='word_1_39' title='bbox 546 773 656 829; x_wconf 82' lang='grc' dir='ltr'><strong>τῶν</strong></span> <span class='ocrx_word' id='word_1_40' title='bbox 679 773 779 846; x_wconf 76' lang='grc' dir='ltr'><strong>τὴν</strong></span> <span class='ocrx_word' id='word_1_41' title='bbox 811 772 1106 844; x_wconf 78' lang='grc' dir='ltr'><strong>ὑπόσχεσιν</strong></span> <span class='ocrx_word' id='word_1_42' title='bbox 1127 771 1330 843; x_wconf 86' lang='grc' dir='ltr'><strong>ταύτην</strong></span> <span class='ocrx_word' id='word_1_43' title='bbox 1358 771 1662 844; x_wconf 70' lang='grc' dir='ltr'><strong>εἰληφότων</strong></span> <span class='ocrx_word' id='word_1_44' title='bbox 1682 787 1849 842; x_wconf 81' lang='grc' dir='ltr'><strong>γεγε-</strong></span> 
     </span>
     <span class='ocr_line' id='line_1_8' title="bbox 269 863 1851 941; baseline -0.003 -17"><span class='ocrx_word' id='word_1_45' title='bbox 269 867 520 941; x_wconf 81' lang='grc' dir='ltr'><strong>νημένοι.</strong></span> <span class='ocrx_word' id='word_1_46' title='bbox 568 865 790 938; x_wconf 81' lang='grc' dir='ltr'><strong>Ἰσχύει,</strong></span> <span class='ocrx_word' id='word_1_47' title='bbox 817 863 978 920; x_wconf 83' lang='grc' dir='ltr'><strong>τοῦτο</strong></span> <span class='ocrx_word' id='word_1_48' title='bbox 1006 864 1225 930; x_wconf 82' lang='grc' dir='ltr'><strong>πάντως</strong></span> <span class='ocrx_word' id='word_1_49' title='bbox 1254 865 1355 918; x_wconf 79' lang='grc' dir='ltr'><strong>οὐκ</strong></span> <span class='ocrx_word' id='word_1_50' title='bbox 1387 863 1707 935; x_wconf 84' lang='grc' dir='ltr'><strong>ἀμφίδολον,</strong></span> <span class='ocrx_word' id='word_1_51' title='bbox 1740 864 1851 919; x_wconf 83' lang='grc' dir='ltr'><strong>τῶν</strong></span> 
     </span>
     <span class='ocr_line' id='line_1_9' title="bbox 269 954 1848 1033; baseline -0.003 -18"><span class='ocrx_word' id='word_1_52' title='bbox 269 958 543 1033; x_wconf 80' lang='grc' dir='ltr'><strong>δεομένων</strong></span> <span class='ocrx_word' id='word_1_53' title='bbox 573 955 1002 1031; x_wconf 88' lang='grc' dir='ltr'><strong>συνεργούντων,</strong></span> <span class='ocrx_word' id='word_1_54' title='bbox 1023 957 1120 1012; x_wconf 69' lang='grc' dir='ltr'><strong>καὶ</strong></span> <span class='ocrx_word' id='word_1_55' title='bbox 1148 956 1354 1028; x_wconf 85' lang='grc' dir='ltr'><strong>ταύτην</strong></span> <span class='ocrx_word' id='word_1_56' title='bbox 1370 954 1527 1030; x_wconf 83' lang='grc' dir='ltr'><strong>ὑμῶν</strong></span> <span class='ocrx_word' id='word_1_57' title='bbox 1550 957 1584 1027; x_wconf 73' lang='grc' dir='ltr'><strong>ἡ</strong></span> <span class='ocrx_word' id='word_1_58' title='bbox 1612 955 1848 1028; x_wconf 82' lang='grc' dir='ltr'><strong>εὐπρόσ-</strong></span> 
     </span>
     <span class='ocr_line' id='line_1_10' title="bbox 270 1044 1851 1124; baseline -0.004 -17"><span class='ocrx_word' id='word_1_59' title='bbox 270 1051 457 1115; x_wconf 80' lang='grc' dir='ltr'><strong>δεκτος</strong></span> <span class='ocrx_word' id='word_1_60' title='bbox 500 1049 613 1124; x_wconf 75' lang='lat' dir='ltr'>[te.</span> <span class='ocrx_word' id='word_1_61' title='bbox 648 1051 817 1105; x_wconf 65' lang='lat' dir='ltr'>asia.</span> <span class='ocrx_word' id='word_1_62' title='bbox 874 1044 1104 1120; x_wconf 73' lang='grc' dir='ltr'><strong>δέησιςῙ,</strong></span> <span class='ocrx_word' id='word_1_63' title='bbox 1155 1045 1235 1110; x_wconf 86' lang='grc' dir='ltr'><strong>ὡς</strong></span> <span class='ocrx_word' id='word_1_64' title='bbox 1299 1047 1397 1100; x_wconf 78' lang='grc' dir='ltr'><strong>καὶ</strong></span> <span class='ocrx_word' id='word_1_65' title='bbox 1469 1046 1518 1100; x_wconf 87' lang='grc' dir='ltr'><strong>τ’</strong></span> <span class='ocrx_word' id='word_1_66' title='bbox 1558 1045 1693 1103; x_wconf 77' lang='grc' dir='ltr'><strong>ἄλλα</strong></span> <span class='ocrx_word' id='word_1_67' title='bbox 1740 1045 1851 1100; x_wconf 83' lang='grc' dir='ltr'><strong>τῶν</strong></span> 
     </span>
     <span class='ocr_line' id='line_1_11' title="bbox 271 1136 1878 1228; baseline -0.004 -30"><span class='ocrx_word' id='word_1_68' title='bbox 271 1141 596 1214; x_wconf 73' lang='grc' dir='ltr'><strong>νοσημάτων</strong></span> <span class='ocrx_word' id='word_1_69' title='bbox 626 1140 842 1212; x_wconf 77' lang='grc' dir='ltr'><strong>ἐξᾶραι,</strong></span> <span class='ocrx_word' id='word_1_70' title='bbox 886 1139 982 1195; x_wconf 73' lang='grc' dir='ltr'><strong>καὶ</strong></span> <span class='ocrx_word' id='word_1_71' title='bbox 1027 1137 1216 1211; x_wconf 79' lang='grc' dir='ltr'><strong>εὐεξίᾳ</strong></span> <span class='ocrx_word' id='word_1_72' title='bbox 1248 1139 1316 1212; x_wconf 70' lang='grc' dir='ltr'><strong>τῇ</strong></span> <span class='ocrx_word' id='word_1_73' title='bbox 1337 1136 1528 1204; x_wconf 81' lang='grc' dir='ltr'><strong>δντως,</strong></span> <span class='ocrx_word' id='word_1_74' title='bbox 1561 1138 1878 1228; x_wconf 37' lang='grc' dir='ltr'><strong>νοσηλευοχδ</strong></span> 
     </span>
     <span class='ocr_line' id='line_1_12' title="bbox 272 1231 839 1305; baseline -0.005 -17"><span class='ocrx_word' id='word_1_75' title='bbox 272 1233 470 1305; x_wconf 90' lang='grc' dir='ltr'><strong>μένους</strong></span> <span class='ocrx_word' id='word_1_76' title='bbox 498 1231 839 1304; x_wconf 76' lang='grc' dir='ltr'><strong>ἀναρρῶσαι.</strong></span> 
     </span>
    </p>

    <p class='ocr_par' dir='ltr' id='par_1_6' title="bbox 269 1317 1858 1854">
     <span class='ocr_line' id='line_1_13' title="bbox 342 1317 1854 1402; baseline -0.001 -23"><span class='ocrx_word' id='word_1_77' title='bbox 342 1324 499 1380; x_wconf 73' lang='grc' dir='ltr'><strong>Κατὰ</strong></span> <span class='ocrx_word' id='word_1_78' title='bbox 521 1323 740 1379; x_wconf 80' lang='grc' dir='ltr'><strong>πάντων</strong></span> <span class='ocrx_word' id='word_1_79' title='bbox 762 1317 858 1378; x_wconf 80' lang='grc' dir='ltr'><strong>οῦν</strong></span> <span class='ocrx_word' id='word_1_80' title='bbox 885 1322 1075 1379; x_wconf 83' lang='grc' dir='ltr'><strong>παθῶν</strong></span> <span class='ocrx_word' id='word_1_81' title='bbox 1099 1324 1165 1379; x_wconf 85' lang='grc' dir='ltr'><strong>ἐκ</strong></span> <span class='ocrx_word' id='word_1_82' title='bbox 1191 1324 1452 1402; x_wconf 83' lang='grc' dir='ltr'><strong>προνοίας</strong></span> <span class='ocrx_word' id='word_1_83' title='bbox 1480 1323 1695 1397; x_wconf 74' lang='grc' dir='ltr'><strong>ἔχοντες</strong></span> <span class='ocrx_word' id='word_1_84' title='bbox 1716 1321 1854 1378; x_wconf 84' lang='grc' dir='ltr'><strong>Θεοῦ</strong></span> 
     </span>
     <span class='ocr_line' id='line_1_14' title="bbox 269 1413 1855 1490; baseline -0.003 -18"><span class='ocrx_word' id='word_1_85' title='bbox 269 1417 339 1473; x_wconf 73' lang='grc' dir='ltr'><strong>τὰ</strong></span> <span class='ocrx_word' id='word_1_86' title='bbox 369 1418 688 1490; x_wconf 71' lang='grc' dir='ltr'><strong>νικητήρια,</strong></span> <span class='ocrx_word' id='word_1_87' title='bbox 716 1416 778 1470; x_wconf 84' lang='grc' dir='ltr'><strong>τδ</strong></span> <span class='ocrx_word' id='word_1_88' title='bbox 801 1415 897 1470; x_wconf 90' lang='grc' dir='ltr'><strong>τοῦ</strong></span> <span class='ocrx_word' id='word_1_89' title='bbox 933 1417 1382 1490; x_wconf 82' lang='grc' dir='ltr'><strong>προνοησαμένου</strong></span> <span class='ocrx_word' id='word_1_90' title='bbox 1409 1415 1504 1473; x_wconf 70' lang='grc' dir='ltr'><strong>καὶ</strong></span> <span class='ocrx_word' id='word_1_91' title='bbox 1529 1418 1588 1472; x_wconf 84' lang='grc' dir='ltr'><strong>ἐν</strong></span> <span class='ocrx_word' id='word_1_92' title='bbox 1615 1413 1855 1470; x_wconf 83' lang='grc' dir='ltr'><strong>ὑπευθύ-</strong></span> 
     </span>
     <span class='ocr_line' id='line_1_15' title="bbox 270 1506 1854 1580; baseline -0.001 -18"><span class='ocrx_word' id='word_1_93' title='bbox 270 1526 384 1574; x_wconf 85' lang='grc' dir='ltr'><strong>νοις</strong></span> <span class='ocrx_word' id='word_1_94' title='bbox 455 1506 775 1580; x_wconf 72' lang='grc' dir='ltr'><strong>μιμησασθε</strong></span> <span class='ocrx_word' id='word_1_95' title='bbox 824 1507 1158 1577; x_wconf 77' lang='grc' dir='ltr'><strong>φιλάγαθον·</strong></span> <span class='ocrx_word' id='word_1_96' title='bbox 1211 1508 1471 1580; x_wconf 75' lang='grc' dir='ltr'><strong>ἐμμόνοις</strong></span> <span class='ocrx_word' id='word_1_97' title='bbox 1530 1506 1854 1579; x_wconf 79' lang='grc' dir='ltr'><strong>πρεσδείαις</strong></span> 
     </span>
     <span class='ocr_line' id='line_1_16' title="bbox 271 1596 1858 1671; baseline -0.001 -18"><span class='ocrx_word' id='word_1_98' title='bbox 271 1597 466 1670; x_wconf 75' lang='grc' dir='ltr'><strong>ένοχάς</strong></span> <span class='ocrx_word' id='word_1_99' title='bbox 503 1596 867 1671; x_wconf 75' lang='grc' dir='ltr'><strong>πταισμάτων</strong></span> <span class='ocrx_word' id='word_1_100' title='bbox 911 1597 1238 1653; x_wconf 76' lang='grc' dir='ltr'><strong>διαλύσατε·</strong></span> <span class='ocrx_word' id='word_1_101' title='bbox 1274 1598 1510 1671; x_wconf 73' lang='grc' dir='ltr'><strong>χρονίοις</strong></span> <span class='ocrx_word' id='word_1_102' title='bbox 1544 1597 1858 1668; x_wconf 83' lang='grc' dir='ltr'><strong>πεπεδημέ-</strong></span> 
     </span>
     <span class='ocr_line' id='line_1_17' title="bbox 272 1688 1857 1763; baseline -0.003 -16"><span class='ocrx_word' id='word_1_103' title='bbox 272 1707 400 1756; x_wconf 88' lang='grc' dir='ltr'><strong>νους</strong></span> <span class='ocrx_word' id='word_1_104' title='bbox 431 1690 738 1762; x_wconf 75' lang='grc' dir='ltr'><strong>νοσήμασιν</strong></span> <span class='ocrx_word' id='word_1_105' title='bbox 768 1688 1110 1745; x_wconf 84' lang='grc' dir='ltr'><strong>ἀπολύσατε·</strong></span> <span class='ocrx_word' id='word_1_106' title='bbox 1144 1691 1378 1762; x_wconf 74' lang='grc' dir='ltr'><strong>ἡσθῆναι</strong></span> <span class='ocrx_word' id='word_1_107' title='bbox 1405 1692 1474 1763; x_wconf 75' lang='grc' dir='ltr'><strong>τῇ</strong></span> <span class='ocrx_word' id='word_1_108' title='bbox 1499 1707 1561 1744; x_wconf 91' lang='grc' dir='ltr'><strong>τε</strong></span> <span class='ocrx_word' id='word_1_109' title='bbox 1592 1689 1857 1763; x_wconf 81' lang='grc' dir='ltr'><strong>προαιρέ-</strong></span> 
     </span>
     <span class='ocr_line' id='line_1_18' title="bbox 273 1759 1855 1854; baseline -0.003 -16"><span class='ocrx_word' id='word_1_110' title='bbox 273 1800 358 1838; x_wconf 89' lang='grc' dir='ltr'><strong>σει</strong></span> <span class='ocrx_word' id='word_1_111' title='bbox 397 1783 490 1838; x_wconf 73' lang='grc' dir='ltr'><strong>καὶ</strong></span> <span class='ocrx_word' id='word_1_112' title='bbox 516 1781 596 1854; x_wconf 77' lang='grc' dir='ltr'><strong>τῷ</strong></span> <span class='ocrx_word' id='word_1_113' title='bbox 637 1759 810 1854; x_wconf 69' lang='grc' dir='ltr'><strong>πόθιρ’,</strong></span> <span class='ocrx_word' id='word_1_114' title='bbox 856 1782 964 1836; x_wconf 79' lang='grc' dir='ltr'><strong>τῶν</strong></span> <span class='ocrx_word' id='word_1_115' title='bbox 1004 1781 1112 1837; x_wconf 74' lang='grc' dir='ltr'><strong>ὑπὸ</strong></span> <span class='ocrx_word' id='word_1_116' title='bbox 1156 1781 1407 1853; x_wconf 83' lang='grc' dir='ltr'><strong>πτέρυγα</strong></span> <span class='ocrx_word' id='word_1_117' title='bbox 1459 1779 1671 1854; x_wconf 75' lang='grc' dir='ltr'><strong>θερμῆς</strong></span> <span class='ocrx_word' id='word_1_118' title='bbox 1699 1781 1855 1853; x_wconf 75' lang='grc' dir='ltr'><strong>ὑμῶν</strong></span> 
     </span>
    </p>
   </div>
   <div class='ocr_carea' id='block_1_6' title="bbox 1952 579 3541 1188">
    <p class='ocr_par' dir='ltr' id='par_1_7' title="bbox 1952 579 3541 1188">
     <span class='ocr_line' id='line_1_19' title="bbox 1954 579 3538 658; baseline -0.007 -18"><span class='ocrx_word' id='word_1_119' title='bbox 1954 595 2060 641; x_wconf 80' lang='lat' dir='ltr'>rat.</span> <span class='ocrx_word' id='word_1_120' title='bbox 2089 583 2313 640; x_wconf 77' lang='lat' dir='ltr'>Habetis</span> <span class='ocrx_word' id='word_1_121' title='bbox 2344 589 2530 638; x_wconf 84' lang='lat' dir='ltr'>autem</span> <span class='ocrx_word' id='word_1_122' title='bbox 2577 579 2631 637; x_wconf 87' lang='lat' dir='ltr'><strong>in</strong></span> <span class='ocrx_word' id='word_1_123' title='bbox 2664 593 2786 634; x_wconf 88' lang='lat' dir='ltr'><strong>eam</strong></span> <span class='ocrx_word' id='word_1_124' title='bbox 2833 591 3052 649; x_wconf 76' lang='lat' dir='ltr'>quoqne</span> <span class='ocrx_word' id='word_1_125' title='bbox 3100 584 3450 658; x_wconf 77' lang='lat' dir='ltr'>potestatem,</span> <span class='ocrx_word' id='word_1_126' title='bbox 3478 583 3538 629; x_wconf 91' lang='lat' dir='ltr'>ut</span> 
     </span>
     <span class='ocr_line' id='line_1_20' title="bbox 1956 666 3540 749; baseline -0.009 -15"><span class='ocrx_word' id='word_1_127' title='bbox 1956 679 2090 749; x_wconf 83' lang='lat' dir='ltr'>ipsis</span> <span class='ocrx_word' id='word_1_128' title='bbox 2119 678 2285 733; x_wconf 84' lang='lat' dir='ltr'>rebus</span> <span class='ocrx_word' id='word_1_129' title='bbox 2310 688 2499 730; x_wconf 83' lang='lat' dir='ltr'>eorum</span> <span class='ocrx_word' id='word_1_130' title='bbox 2520 671 2654 728; x_wconf 87' lang='lat' dir='ltr'>socii</span> <span class='ocrx_word' id='word_1_131' title='bbox 2688 668 2892 738; x_wconf 78' lang='lat' dir='ltr'>effecti,</span> <span class='ocrx_word' id='word_1_132' title='bbox 2921 668 3015 740; x_wconf 83' lang='lat' dir='ltr'><strong>qui</strong></span> <span class='ocrx_word' id='word_1_133' title='bbox 3051 682 3172 723; x_wconf 84' lang='lat' dir='ltr'><strong>eam</strong></span> <span class='ocrx_word' id='word_1_134' title='bbox 3224 666 3540 737; x_wconf 84' lang='lat' dir='ltr'>promissio-</span> 
     </span>
     <span class='ocr_line' id='line_1_21' title="bbox 1954 758 3541 837; baseline -0.006 -15"><span class='ocrx_word' id='word_1_135' title='bbox 1954 782 2079 823; x_wconf 90' lang='lat' dir='ltr'><strong>nem</strong></span> <span class='ocrx_word' id='word_1_136' title='bbox 2125 772 2479 837; x_wconf 82' lang='lat' dir='ltr'>acceperunt.</span> <span class='ocrx_word' id='word_1_137' title='bbox 2531 761 2678 818; x_wconf 83' lang='lat' dir='ltr'>Nibil</span> <span class='ocrx_word' id='word_1_138' title='bbox 2715 761 2879 833; x_wconf 84' lang='lat' dir='ltr'>plane</span> <span class='ocrx_word' id='word_1_139' title='bbox 2923 759 3172 826; x_wconf 88' lang='lat' dir='ltr'>dubium,</span> <span class='ocrx_word' id='word_1_140' title='bbox 3213 767 3273 813; x_wconf 90' lang='lat' dir='ltr'>ut</span> <span class='ocrx_word' id='word_1_141' title='bbox 3303 772 3372 813; x_wconf 91' lang='lat' dir='ltr'><strong>ne</strong></span> <span class='ocrx_word' id='word_1_142' title='bbox 3398 758 3541 812; x_wconf 88' lang='lat' dir='ltr'>banc</span> 
     </span>
     <span class='ocr_line' id='line_1_22' title="bbox 1952 850 3538 928; baseline -0.004 -16"><span class='ocrx_word' id='word_1_143' title='bbox 1952 872 2171 928; x_wconf 82' lang='lat' dir='ltr'>quoqne</span> <span class='ocrx_word' id='word_1_144' title='bbox 2216 866 2276 912; x_wconf 90' lang='lat' dir='ltr'>ut</span> <span class='ocrx_word' id='word_1_145' title='bbox 2316 866 2372 911; x_wconf 86' lang='lat' dir='ltr'><strong>et</strong></span> <span class='ocrx_word' id='word_1_146' title='bbox 2413 854 2652 925; x_wconf 82' lang='lat' dir='ltr'>reliquas</span> <span class='ocrx_word' id='word_1_147' title='bbox 2710 850 3087 922; x_wconf 71' lang='lat' dir='ltr'>aegritudines,</span> <span class='ocrx_word' id='word_1_148' title='bbox 3150 851 3263 907; x_wconf 86' lang='lat' dir='ltr'><strong>Deo</strong></span> <span class='ocrx_word' id='word_1_149' title='bbox 3313 861 3538 918; x_wconf 82' lang='lat' dir='ltr'>accepta</span> 
     </span>
     <span class='ocr_line' id='line_1_23' title="bbox 1954 941 3536 1017; baseline -0.004 -14"><span class='ocrx_word' id='word_1_150' title='bbox 1954 958 2135 1004; x_wconf 80' lang='lat' dir='ltr'>vestra</span> <span class='ocrx_word' id='word_1_151' title='bbox 2163 946 2364 1012; x_wconf 81' lang='lat' dir='ltr'>oratio,</span> <span class='ocrx_word' id='word_1_152' title='bbox 2393 944 2530 1017; x_wconf 85' lang='lat' dir='ltr'>ipsis</span> <span class='ocrx_word' id='word_1_153' title='bbox 2549 944 2645 1015; x_wconf 86' lang='lat' dir='ltr'><strong>qui</strong></span> <span class='ocrx_word' id='word_1_154' title='bbox 2685 952 2877 1014; x_wconf 73' lang='lat' dir='ltr'>rogant</span> <span class='ocrx_word' id='word_1_155' title='bbox 2905 943 3284 1014; x_wconf 77' lang='lat' dir='ltr'>coagentibus,</span> <span class='ocrx_word' id='word_1_156' title='bbox 3316 941 3536 997; x_wconf 73' lang='lat' dir='ltr'>anferre</span> 
     </span>
     <span class='ocr_line' id='line_1_24' title="bbox 1955 1033 3532 1106; baseline -0.001 -14"><span class='ocrx_word' id='word_1_157' title='bbox 1955 1038 2155 1103; x_wconf 82' lang='lat' dir='ltr'>valeat,</span> <span class='ocrx_word' id='word_1_158' title='bbox 2190 1045 2356 1106; x_wconf 81' lang='lat' dir='ltr'>atque</span> <span class='ocrx_word' id='word_1_159' title='bbox 2380 1052 2443 1093; x_wconf 81' lang='lat' dir='ltr'><strong>ea</strong></span> <span class='ocrx_word' id='word_1_160' title='bbox 2470 1035 2807 1100; x_wconf 82' lang='lat' dir='ltr'>laborantes,</span> <span class='ocrx_word' id='word_1_161' title='bbox 2828 1035 2972 1091; x_wconf 89' lang='lat' dir='ltr'>bona</span> <span class='ocrx_word' id='word_1_162' title='bbox 3003 1049 3195 1092; x_wconf 79' lang='lat' dir='ltr'>revera</span> <span class='ocrx_word' id='word_1_163' title='bbox 3221 1033 3532 1091; x_wconf 83' lang='lat' dir='ltr'>valetudine</span> 
     </span>
     <span class='ocr_line' id='line_1_25' title="bbox 1955 1130 2304 1188; baseline -0.011 0"><span class='ocrx_word' id='word_1_164' title='bbox 1955 1130 2304 1188; x_wconf 79' lang='lat' dir='ltr'>continuare.</span> 
     </span>
    </p>
   </div>
   <div class='ocr_carea' id='block_1_7' title="bbox 1954 1314 3544 1846">
    <p class='ocr_par' dir='ltr' id='par_1_8' title="bbox 1954 1314 3544 1846">
     <span class='ocr_line' id='line_1_26' title="bbox 2027 1314 3539 1388; baseline -0.002 -17"><span class='ocrx_word' id='word_1_165' title='bbox 2027 1318 2129 1386; x_wconf 83' lang='lat' dir='ltr'><strong>Qut</strong></span> <span class='ocrx_word' id='word_1_166' title='bbox 2169 1330 2300 1388; x_wconf 78' lang='lat' dir='ltr'>ergo</span> <span class='ocrx_word' id='word_1_167' title='bbox 2333 1314 2567 1373; x_wconf 82' lang='lat' dir='ltr'>donante</span> <span class='ocrx_word' id='word_1_168' title='bbox 2586 1314 2676 1373; x_wconf 86' lang='lat' dir='ltr'><strong>Dei</strong></span> <span class='ocrx_word' id='word_1_169' title='bbox 2707 1314 3045 1387; x_wconf 85' lang='lat' dir='ltr'>providentia</span> <span class='ocrx_word' id='word_1_170' title='bbox 3108 1315 3370 1372; x_wconf 81' lang='lat' dir='ltr'>adversus</span> <span class='ocrx_word' id='word_1_171' title='bbox 3417 1328 3539 1370; x_wconf 86' lang='lat' dir='ltr'><strong>om-</strong></span> 
     </span>
     <span class='ocr_line' id='line_1_27' title="bbox 1954 1409 3525 1481; baseline -0.003 -14"><span class='ocrx_word' id='word_1_172' title='bbox 1954 1427 2054 1468; x_wconf 89' lang='lat' dir='ltr'><strong>nes</strong></span> <span class='ocrx_word' id='word_1_173' title='bbox 2077 1411 2297 1467; x_wconf 87' lang='lat' dir='ltr'>morbos</span> <span class='ocrx_word' id='word_1_174' title='bbox 2325 1409 2602 1467; x_wconf 79' lang='lat' dir='ltr'>victoriam</span> <span class='ocrx_word' id='word_1_175' title='bbox 2634 1410 2900 1481; x_wconf 83' lang='lat' dir='ltr'>babeatis,</span> <span class='ocrx_word' id='word_1_176' title='bbox 2923 1410 3041 1480; x_wconf 77' lang='lat' dir='ltr'>eius</span> <span class='ocrx_word' id='word_1_177' title='bbox 3062 1409 3154 1480; x_wconf 88' lang='lat' dir='ltr'><strong>qui</strong></span> <span class='ocrx_word' id='word_1_178' title='bbox 3184 1410 3265 1466; x_wconf 89' lang='lat' dir='ltr'><strong>sic</strong></span> <span class='ocrx_word' id='word_1_179' title='bbox 3289 1409 3525 1481; x_wconf 80' lang='lat' dir='ltr'>providit</span> 
     </span>
     <span class='ocr_line' id='line_1_28' title="bbox 1954 1503 3542 1576; baseline -0.003 -14"><span class='ocrx_word' id='word_1_180' title='bbox 1954 1504 2375 1576; x_wconf 69' lang='lat' dir='ltr'>benignitatem,</span> <span class='ocrx_word' id='word_1_181' title='bbox 2411 1504 2464 1559; x_wconf 90' lang='lat' dir='ltr'><strong>in</strong></span> <span class='ocrx_word' id='word_1_182' title='bbox 2505 1504 2572 1560; x_wconf 90' lang='lat' dir='ltr'><strong>iis</strong></span> <span class='ocrx_word' id='word_1_183' title='bbox 2624 1519 2844 1576; x_wconf 85' lang='lat' dir='ltr'>quoque</span> <span class='ocrx_word' id='word_1_184' title='bbox 2901 1503 2996 1575; x_wconf 76' lang='lat' dir='ltr'><strong>qui</strong></span> <span class='ocrx_word' id='word_1_185' title='bbox 3029 1503 3109 1560; x_wconf 87' lang='lat' dir='ltr'><strong>rei</strong></span> <span class='ocrx_word' id='word_1_186' title='bbox 3159 1512 3290 1559; x_wconf 81' lang='lat' dir='ltr'>sunt</span> <span class='ocrx_word' id='word_1_187' title='bbox 3354 1503 3542 1558; x_wconf 86' lang='lat' dir='ltr'>imita·</span> 
     </span>
     <span class='ocr_line' id='line_1_29' title="bbox 1957 1594 3541 1663; baseline -0.001 -11"><span class='ocrx_word' id='word_1_188' title='bbox 1957 1597 2132 1663; x_wconf 76' lang='lat' dir='ltr'>mini3</span> <span class='ocrx_word' id='word_1_189' title='bbox 2190 1597 2423 1653; x_wconf 81' lang='lat' dir='ltr'>assiduis</span> <span class='ocrx_word' id='word_1_190' title='bbox 2475 1594 2672 1654; x_wconf 82' lang='lat' dir='ltr'>vestris</span> <span class='ocrx_word' id='word_1_191' title='bbox 2720 1594 3208 1652; x_wconf 73' lang='lat' dir='ltr'>intercessionibus</span> <span class='ocrx_word' id='word_1_192' title='bbox 3259 1594 3541 1651; x_wconf 76' lang='lat' dir='ltr'>dissolvite</span> 
     </span>
     <span class='ocr_line' id='line_1_30' title="bbox 1958 1684 3544 1759; baseline -0.002 -15"><span class='ocrx_word' id='word_1_193' title='bbox 1958 1698 2142 1744; x_wconf 86' lang='lat' dir='ltr'>reatus</span> <span class='ocrx_word' id='word_1_194' title='bbox 2173 1687 2493 1743; x_wconf 77' lang='lat' dir='ltr'>delictorum</span> <span class='ocrx_word' id='word_1_195' title='bbox 2541 1705 2556 1743; x_wconf 80' lang='grc' dir='ltr'><strong>ι</strong></span> <span class='ocrx_word' id='word_1_196' title='bbox 2599 1686 2856 1759; x_wconf 67' lang='lat' dir='ltr'>long-‘evis</span> <span class='ocrx_word' id='word_1_197' title='bbox 2905 1695 3079 1742; x_wconf 87' lang='lat' dir='ltr'>tentos</span> <span class='ocrx_word' id='word_1_198' title='bbox 3128 1684 3544 1755; x_wconf 67' lang='lat' dir='ltr'>:egritudinlbns</span> 
     </span>
     <span class='ocr_line' id='line_1_31' title="bbox 1959 1775 3541 1846; baseline -0.003 -12"><span class='ocrx_word' id='word_1_199' title='bbox 1959 1778 2264 1845; x_wconf 77' lang='lat' dir='ltr'>absolvite,</span> <span class='ocrx_word' id='word_1_200' title='bbox 2301 1786 2574 1834; x_wconf 82' lang='lat' dir='ltr'>uteorum</span> <span class='ocrx_word' id='word_1_201' title='bbox 2626 1776 2821 1835; x_wconf 76' lang='lat' dir='ltr'>affectu</span> <span class='ocrx_word' id='word_1_202' title='bbox 2870 1791 2935 1833; x_wconf 90' lang='lat' dir='ltr'><strong>ac</strong></span> <span class='ocrx_word' id='word_1_203' title='bbox 2991 1775 3263 1832; x_wconf 86' lang='lat' dir='ltr'>desiderio</span> <span class='ocrx_word' id='word_1_204' title='bbox 3310 1775 3541 1846; x_wconf 77' lang='lat' dir='ltr'>gandea-</span> 
     </span>
    </p>
   </div>
   <div class='ocr_carea' id='block_1_8' title="bbox 273 1867 3545 1946">
    <p class='ocr_par' dir='ltr' id='par_1_9' title="bbox 273 1867 3545 1946">
     <span class='ocr_line' id='line_1_32' title="bbox 273 1867 3545 1946; baseline -0.003 -16"><span class='ocrx_word' id='word_1_205' title='bbox 273 1872 622 1945; x_wconf 67' lang='grc' dir='ltr'><strong>διασκέψεως</strong></span> <span class='ocrx_word' id='word_1_206' title='bbox 684 1872 1143 1942; x_wconf 76' lang='grc' dir='ltr'><strong>καταφευγόντων</strong></span> <span class='ocrx_word' id='word_1_207' title='bbox 1196 1873 1583 1946; x_wconf 79' lang='grc' dir='ltr'><strong>δυσωπήθητε.</strong></span> <span class='ocrx_word' id='word_1_208' title='bbox 1647 1873 1846 1946; x_wconf 80' lang='grc' dir='ltr'><strong>Ὁρᾶτε</strong></span> <span class='ocrx_word' id='word_1_209' title='bbox 1889 1878 1935 1933; x_wconf 81' lang='grc' dir='ltr'><strong>Β</strong></span> <span class='ocrx_word' id='word_1_210' title='bbox 1967 1873 2060 1938; x_wconf 86' lang='lat' dir='ltr'>tis,</span> <span class='ocrx_word' id='word_1_211' title='bbox 2086 1872 2180 1944; x_wconf 84' lang='lat' dir='ltr'><strong>qui</strong></span> <span class='ocrx_word' id='word_1_212' title='bbox 2204 1871 2305 1927; x_wconf 87' lang='lat' dir='ltr'><strong>sub</strong></span> <span class='ocrx_word' id='word_1_213' title='bbox 2325 1871 2439 1926; x_wconf 89' lang='lat' dir='ltr'>alas</span> <span class='ocrx_word' id='word_1_214' title='bbox 2464 1868 2725 1928; x_wconf 74' lang='lat' dir='ltr'>ferventis</span> <span class='ocrx_word' id='word_1_215' title='bbox 2751 1881 2943 1924; x_wconf 63' lang='lat' dir='ltr'>vestrae</span> <span class='ocrx_word' id='word_1_216' title='bbox 2965 1869 3323 1938; x_wconf 81' lang='lat' dir='ltr'>inspectionis</span> <span class='ocrx_word' id='word_1_217' title='bbox 3350 1867 3545 1925; x_wconf 81' lang='lat' dir='ltr'>consu·</span> 
     </span>
    </p>
   </div>
   <div class='ocr_carea' id='block_1_9' title="bbox 275 1957 1874 4236">
    <p class='ocr_par' dir='ltr' id='par_1_10' title="bbox 275 1957 1865 3135">
     <span class='ocr_line' id='line_1_33' title="bbox 275 1957 1855 2034; baseline 0.003 -22"><span class='ocrx_word' id='word_1_218' title='bbox 275 1957 386 2033; x_wconf 73' lang='grc' dir='ltr'><strong>γὰρ</strong></span> <span class='ocrx_word' id='word_1_219' title='bbox 410 1957 484 2024; x_wconf 87' lang='grc' dir='ltr'><strong>ώς</strong></span> <span class='ocrx_word' id='word_1_220' title='bbox 509 1957 624 2031; x_wconf 77' lang='grc' dir='ltr'><strong>[ἴσ.</strong></span> <span class='ocrx_word' id='word_1_221' title='bbox 659 1960 822 2014; x_wconf 65' lang='lat' dir='ltr'>aelae.</span> <span class='ocrx_word' id='word_1_222' title='bbox 849 1958 956 2034; x_wconf 79' lang='grc' dir='ltr'><strong>ὅτι]</strong></span> <span class='ocrx_word' id='word_1_223' title='bbox 987 1962 1067 2026; x_wconf 89' lang='grc' dir='ltr'><strong>είς</strong></span> <span class='ocrx_word' id='word_1_224' title='bbox 1094 1960 1311 2032; x_wconf 77' lang='grc' dir='ltr'><strong>ἀμοχθά</strong></span> <span class='ocrx_word' id='word_1_225' title='bbox 1340 1977 1463 2016; x_wconf 91' lang='grc' dir='ltr'><strong>τινα</strong></span> <span class='ocrx_word' id='word_1_226' title='bbox 1491 1962 1587 2016; x_wconf 74' lang='grc' dir='ltr'><strong>καὶ</strong></span> <span class='ocrx_word' id='word_1_227' title='bbox 1616 1961 1855 2033; x_wconf 84' lang='grc' dir='ltr'><strong>χαρίτων</strong></span> 
     </span>
     <span class='ocr_line' id='line_1_34' title="bbox 280 2049 1855 2127; baseline 0.004 -23"><span class='ocrx_word' id='word_1_228' title='bbox 280 2049 493 2122; x_wconf 72' lang='grc' dir='ltr'><strong>ἰατρεῖα</strong></span> <span class='ocrx_word' id='word_1_229' title='bbox 521 2050 732 2123; x_wconf 76' lang='grc' dir='ltr'><strong>πλήρη,</strong></span> <span class='ocrx_word' id='word_1_230' title='bbox 761 2052 822 2106; x_wconf 89' lang='grc' dir='ltr'><strong>ἐν</strong></span> <span class='ocrx_word' id='word_1_231' title='bbox 852 2054 967 2117; x_wconf 80' lang='grc' dir='ltr'><strong>τοῖς</strong></span> <span class='ocrx_word' id='word_1_232' title='bbox 992 2053 1248 2124; x_wconf 82' lang='grc' dir='ltr'><strong>τεμένεσι</strong></span> <span class='ocrx_word' id='word_1_233' title='bbox 1276 2053 1434 2125; x_wconf 79' lang='grc' dir='ltr'><strong>ὑμῶν</strong></span> <span class='ocrx_word' id='word_1_234' title='bbox 1455 2054 1506 2109; x_wconf 81' lang='lat' dir='ltr'><strong>oi</strong></span> <span class='ocrx_word' id='word_1_235' title='bbox 1528 2052 1855 2127; x_wconf 80' lang='grc' dir='ltr'><strong>ὀδυνώμενοι</strong></span> 
     </span>
     <span class='ocr_line' id='line_1_35' title="bbox 278 2140 1858 2219; baseline 0.002 -22"><span class='ocrx_word' id='word_1_236' title='bbox 278 2140 741 2213; x_wconf 77' lang='grc' dir='ltr'><strong>καταφεύγοντες,</strong></span> <span class='ocrx_word' id='word_1_237' title='bbox 784 2142 884 2216; x_wconf 80' lang='grc' dir='ltr'><strong>τὴν</strong></span> <span class='ocrx_word' id='word_1_238' title='bbox 914 2143 1025 2200; x_wconf 85' lang='grc' dir='ltr'><strong>τῶν</strong></span> <span class='ocrx_word' id='word_1_239' title='bbox 1056 2145 1324 2216; x_wconf 74' lang='grc' dir='ltr'><strong>ἀλγεινῶν</strong></span> <span class='ocrx_word' id='word_1_240' title='bbox 1372 2147 1447 2219; x_wconf 83' lang='grc' dir='ltr'><strong>μὴ</strong></span> <span class='ocrx_word' id='word_1_241' title='bbox 1491 2146 1858 2218; x_wconf 77' lang='grc' dir='ltr'><strong>ύπερτιθεμέ·</strong></span> 
     </span>
     <span class='ocr_line' id='line_1_36' title="bbox 278 2235 1859 2310; baseline 0.001 -18"><span class='ocrx_word' id='word_1_242' title='bbox 278 2251 380 2307; x_wconf 89' lang='grc' dir='ltr'><strong>νην</strong></span> <span class='ocrx_word' id='word_1_243' title='bbox 417 2235 743 2306; x_wconf 80' lang='grc' dir='ltr'><strong>ἀπαλλαγην</strong></span> <span class='ocrx_word' id='word_1_244' title='bbox 766 2236 1109 2301; x_wconf 82' lang='grc' dir='ltr'><strong>ἐλπίζουσιν.</strong></span> <span class='ocrx_word' id='word_1_245' title='bbox 1160 2236 1393 2309; x_wconf 78' lang='grc' dir='ltr'><strong>Ὀρῶσιν</strong></span> <span class='ocrx_word' id='word_1_246' title='bbox 1421 2237 1532 2310; x_wconf 81' lang='grc' dir='ltr'><strong>γὰρ</strong></span> <span class='ocrx_word' id='word_1_247' title='bbox 1569 2238 1715 2309; x_wconf 78' lang='grc' dir='ltr'><strong>ὑμᾶς</strong></span> <span class='ocrx_word' id='word_1_248' title='bbox 1743 2238 1859 2293; x_wconf 85' lang='grc' dir='ltr'><strong>δια-</strong></span> 
     </span>
     <span class='ocr_line' id='line_1_37' title="bbox 276 2325 1862 2403; baseline 0.001 -21"><span class='ocrx_word' id='word_1_249' title='bbox 276 2327 421 2399; x_wconf 73' lang='grc' dir='ltr'><strong>νοίᾳ,</strong></span> <span class='ocrx_word' id='word_1_250' title='bbox 461 2328 557 2384; x_wconf 69' lang='grc' dir='ltr'><strong>καὶ</strong></span> <span class='ocrx_word' id='word_1_251' title='bbox 593 2325 670 2401; x_wconf 75' lang='grc' dir='ltr'><strong>μὴ</strong></span> <span class='ocrx_word' id='word_1_252' title='bbox 700 2329 1065 2400; x_wconf 76' lang='grc' dir='ltr'><strong>φαινομένους</strong></span> <span class='ocrx_word' id='word_1_253' title='bbox 1091 2327 1341 2400; x_wconf 69' lang='grc' dir='ltr'><strong>ὄμμασιν</strong></span> <span class='ocrx_word' id='word_1_254' title='bbox 1363 2346 1378 2365; x_wconf 85' lang='grc'><strong>·</strong></span> <span class='ocrx_word' id='word_1_255' title='bbox 1416 2332 1608 2403; x_wconf 75' lang='grc' dir='ltr'><strong>χεῖρας</strong></span> <span class='ocrx_word' id='word_1_256' title='bbox 1642 2330 1862 2403; x_wconf 78' lang='grc' dir='ltr'><strong>προτεί·</strong></span> 
     </span>
     <span class='ocr_line' id='line_1_38' title="bbox 276 2419 1856 2494; baseline 0.001 -20"><span class='ocrx_word' id='word_1_257' title='bbox 276 2435 465 2476; x_wconf 86' lang='grc' dir='ltr'><strong>νουσιν</strong></span> <span class='ocrx_word' id='word_1_258' title='bbox 482 2435 498 2452; x_wconf 92' lang='grc'><strong>·</strong></span> <span class='ocrx_word' id='word_1_259' title='bbox 514 2419 697 2490; x_wconf 85' lang='grc' dir='ltr'><strong>λόγοις</strong></span> <span class='ocrx_word' id='word_1_260' title='bbox 713 2420 808 2476; x_wconf 79' lang='grc' dir='ltr'><strong>τὸν</strong></span> <span class='ocrx_word' id='word_1_261' title='bbox 829 2419 980 2475; x_wconf 70' lang='grc' dir='ltr'><strong>ἔλεον</strong></span> <span class='ocrx_word' id='word_1_262' title='bbox 996 2419 1383 2491; x_wconf 75' lang='grc' dir='ltr'><strong>ἐπιζητοῦντες</strong></span> <span class='ocrx_word' id='word_1_263' title='bbox 1405 2421 1828 2494; x_wconf 79' lang='grc' dir='ltr'><strong>προσομιλοῦσιν</strong></span> <span class='ocrx_word' id='word_1_264' title='bbox 1841 2437 1856 2454; x_wconf 93' lang='grc'><strong>·</strong></span> 
     </span>
     <span class='ocr_line' id='line_1_39' title="bbox 278 2512 1862 2587; baseline 0.003 -21"><span class='ocrx_word' id='word_1_265' title='bbox 278 2513 360 2578; x_wconf 82' lang='grc' dir='ltr'><strong>ώς</strong></span> <span class='ocrx_word' id='word_1_266' title='bbox 390 2512 647 2586; x_wconf 84' lang='grc' dir='ltr'><strong>σωτῆρας</strong></span> <span class='ocrx_word' id='word_1_267' title='bbox 677 2513 1098 2586; x_wconf 87' lang='grc' dir='ltr'><strong>παρακαλοῦσιν</strong></span> <span class='ocrx_word' id='word_1_268' title='bbox 1119 2530 1135 2547; x_wconf 96' lang='grc'><strong>·</strong></span> <span class='ocrx_word' id='word_1_269' title='bbox 1166 2513 1245 2579; x_wconf 88' lang='grc' dir='ltr'><strong>ώς</strong></span> <span class='ocrx_word' id='word_1_270' title='bbox 1289 2514 1596 2587; x_wconf 80' lang='grc' dir='ltr'><strong>κηδεμόνας</strong></span> <span class='ocrx_word' id='word_1_271' title='bbox 1640 2514 1862 2570; x_wconf 87' lang='grc' dir='ltr'><strong>καθικε·</strong></span> 
     </span>
     <span class='ocr_line' id='line_1_40' title="bbox 277 2603 1859 2679; baseline 0.001 -20"><span class='ocrx_word' id='word_1_272' title='bbox 277 2603 522 2660; x_wconf 84' lang='grc' dir='ltr'><strong>τεύουσι.</strong></span> <span class='ocrx_word' id='word_1_273' title='bbox 556 2604 668 2659; x_wconf 67' lang='grc' dir='ltr'><strong>Καὶ</strong></span> <span class='ocrx_word' id='word_1_274' title='bbox 706 2606 737 2659; x_wconf 84' lang='grc' dir='ltr'><strong>ό</strong></span> <span class='ocrx_word' id='word_1_275' title='bbox 761 2605 883 2678; x_wconf 69' lang='grc' dir='ltr'><strong>μὲν,</strong></span> <span class='ocrx_word' id='word_1_276' title='bbox 916 2605 1014 2661; x_wconf 88' lang='grc' dir='ltr'><strong>τοῦ</strong></span> <span class='ocrx_word' id='word_1_277' title='bbox 1039 2604 1220 2675; x_wconf 82' lang='grc' dir='ltr'><strong>λέγειν</strong></span> <span class='ocrx_word' id='word_1_278' title='bbox 1249 2605 1331 2662; x_wconf 66' lang='lat' dir='ltr'><strong>“rt</strong></span> <span class='ocrx_word' id='word_1_279' title='bbox 1366 2605 1443 2679; x_wconf 70' lang='grc' dir='ltr'><strong>μὴ</strong></span> <span class='ocrx_word' id='word_1_280' title='bbox 1480 2606 1859 2679; x_wconf 70' lang='grc' dir='ltr'><strong>πεπαυμένος,</strong></span> 
     </span>
     <span class='ocr_line' id='line_1_41' title="bbox 282 2693 1863 2768; baseline 0.001 -19"><span class='ocrx_word' id='word_1_281' title='bbox 282 2695 533 2768; x_wconf 73' lang='grc' dir='ltr'><strong>ῥήμασιν</strong></span> <span class='ocrx_word' id='word_1_282' title='bbox 561 2693 662 2760; x_wconf 74' lang='grc' dir='ltr'><strong>τὰς</strong></span> <span class='ocrx_word' id='word_1_283' title='bbox 700 2694 1037 2768; x_wconf 84' lang='grc' dir='ltr'><strong>συνεχούσας</strong></span> <span class='ocrx_word' id='word_1_284' title='bbox 1065 2694 1370 2767; x_wconf 78' lang='grc' dir='ltr'><strong>ἀλγηδόνας</strong></span> <span class='ocrx_word' id='word_1_285' title='bbox 1404 2695 1736 2766; x_wconf 79' lang='grc' dir='ltr'><strong>διαγγέλλει,</strong></span> <span class='ocrx_word' id='word_1_286' title='bbox 1762 2695 1863 2761; x_wconf 79' lang='grc' dir='ltr'><strong>τὰς</strong></span> 
     </span>
     <span class='ocr_line' id='line_1_42' title="bbox 281 2787 1864 2861; baseline 0.001 -18"><span class='ocrx_word' id='word_1_287' title='bbox 281 2787 426 2859; x_wconf 78' lang='grc' dir='ltr'><strong>ύπέρ</strong></span> <span class='ocrx_word' id='word_1_288' title='bbox 458 2787 642 2843; x_wconf 82' lang='grc' dir='ltr'><strong>αὐτῶν</strong></span> <span class='ocrx_word' id='word_1_289' title='bbox 666 2788 878 2854; x_wconf 87' lang='grc' dir='ltr'><strong>ίκεσίας</strong></span> <span class='ocrx_word' id='word_1_290' title='bbox 904 2788 1346 2861; x_wconf 81' lang='grc' dir='ltr'><strong>προδαλλόμενος</strong></span> <span class='ocrx_word' id='word_1_291' title='bbox 1363 2804 1381 2823; x_wconf 93' lang='grc'><strong>·</strong></span> <span class='ocrx_word' id='word_1_292' title='bbox 1403 2790 1434 2843; x_wconf 85' lang='grc' dir='ltr'><strong>ό</strong></span> <span class='ocrx_word' id='word_1_293' title='bbox 1456 2788 1536 2855; x_wconf 73' lang='grc' dir='ltr'><strong>δέ,</strong></span> <span class='ocrx_word' id='word_1_294' title='bbox 1560 2788 1651 2844; x_wconf 82' lang='grc' dir='ltr'><strong>διὰ</strong></span> <span class='ocrx_word' id='word_1_295' title='bbox 1675 2788 1864 2845; x_wconf 87' lang='grc' dir='ltr'><strong>κακώ-</strong></span> 
     </span>
     <span class='ocr_line' id='line_1_43' title="bbox 283 2877 1862 2951; baseline 0.002 -19"><span class='ocrx_word' id='word_1_296' title='bbox 283 2892 424 2942; x_wconf 86' lang='grc' dir='ltr'><strong>σεως</strong></span> <span class='ocrx_word' id='word_1_297' title='bbox 454 2877 763 2951; x_wconf 77' lang='grc' dir='ltr'><strong>ὑπερδολὴν</strong></span> <span class='ocrx_word' id='word_1_298' title='bbox 788 2879 885 2934; x_wconf 71' lang='grc' dir='ltr'><strong>καὶ</strong></span> <span class='ocrx_word' id='word_1_299' title='bbox 911 2879 1095 2934; x_wconf 77' lang='grc' dir='ltr'><strong>αὐτῶν</strong></span> <span class='ocrx_word' id='word_1_300' title='bbox 1133 2877 1479 2944; x_wconf 77' lang='grc' dir='ltr'><strong>ἀποπαυθεὶς</strong></span> <span class='ocrx_word' id='word_1_301' title='bbox 1522 2880 1632 2935; x_wconf 83' lang='grc' dir='ltr'><strong>τῶν</strong></span> <span class='ocrx_word' id='word_1_302' title='bbox 1667 2880 1862 2951; x_wconf 83' lang='grc' dir='ltr'><strong>λόγων,</strong></span> 
     </span>
     <span class='ocr_line' id='line_1_44' title="bbox 283 2968 1865 3045; baseline 0.002 -21"><span class='ocrx_word' id='word_1_303' title='bbox 283 2968 628 3042; x_wconf 69' lang='grc' dir='ltr'><strong>στεναγμοὺς</strong></span> <span class='ocrx_word' id='word_1_304' title='bbox 654 2968 955 3026; x_wconf 77' lang='grc' dir='ltr'><strong>ἀνατείνων</strong></span> <span class='ocrx_word' id='word_1_305' title='bbox 979 2971 1321 3042; x_wconf 80' lang='grc' dir='ltr'><strong>ἀναπέμπει,</strong></span> <span class='ocrx_word' id='word_1_306' title='bbox 1371 2972 1466 3026; x_wconf 70' lang='grc' dir='ltr'><strong>καὶ</strong></span> <span class='ocrx_word' id='word_1_307' title='bbox 1492 2970 1686 3045; x_wconf 74' lang='grc' dir='ltr'><strong>ὀδύνην</strong></span> <span class='ocrx_word' id='word_1_308' title='bbox 1730 2974 1865 3028; x_wconf 81' lang='grc' dir='ltr'><strong>ὐπο-</strong></span> 
     </span>
     <span class='ocr_line' id='line_1_45' title="bbox 282 3057 1075 3135; baseline 0.008 -21"><span class='ocrx_word' id='word_1_309' title='bbox 282 3057 467 3131; x_wconf 73' lang='grc' dir='ltr'><strong>φαίνει</strong></span> <span class='ocrx_word' id='word_1_310' title='bbox 496 3059 596 3134; x_wconf 75' lang='grc' dir='ltr'><strong>τὴν</strong></span> <span class='ocrx_word' id='word_1_311' title='bbox 627 3060 1075 3135; x_wconf 79' lang='grc' dir='ltr'><strong>ὑποσμύχουσαν.</strong></span> 
     </span>
    </p>

    <p class='ocr_par' dir='ltr' id='par_1_11' title="bbox 281 3150 1874 4236">
     <span class='ocr_line' id='line_1_46' title="bbox 355 3150 1860 3232; baseline 0.006 -26"><span class='ocrx_word' id='word_1_312' title='bbox 355 3150 544 3217; x_wconf 76' lang='grc' dir='ltr'><strong>Οὕτως</strong></span> <span class='ocrx_word' id='word_1_313' title='bbox 572 3152 603 3206; x_wconf 84' lang='grc' dir='ltr'><strong>δ</strong></span> <span class='ocrx_word' id='word_1_314' title='bbox 633 3151 716 3224; x_wconf 76' lang='grc' dir='ltr'><strong>τῷ</strong></span> <span class='ocrx_word' id='word_1_315' title='bbox 764 3153 996 3227; x_wconf 82' lang='grc' dir='ltr'><strong>φλογμῷ</strong></span> <span class='ocrx_word' id='word_1_316' title='bbox 1022 3151 1118 3209; x_wconf 90' lang='grc' dir='ltr'><strong>τοῦ</strong></span> <span class='ocrx_word' id='word_1_317' title='bbox 1162 3154 1403 3228; x_wconf 78' lang='grc' dir='ltr'><strong>πυρετοῦ</strong></span> <span class='ocrx_word' id='word_1_318' title='bbox 1449 3156 1860 3232; x_wconf 83' lang='grc' dir='ltr'><strong>δαπανώμενος,</strong></span> 
     </span>
     <span class='ocr_line' id='line_1_47' title="bbox 282 3241 1865 3325; baseline 0.007 -29"><span class='ocrx_word' id='word_1_319' title='bbox 282 3242 383 3316; x_wconf 77' lang='grc' dir='ltr'><strong>τὴν</strong></span> <span class='ocrx_word' id='word_1_320' title='bbox 427 3241 685 3325; x_wconf 63' lang='grc' dir='ltr'><strong>γλῶσσαν</strong></span> <span class='ocrx_word' id='word_1_321' title='bbox 726 3249 1177 3318; x_wconf 78' lang='grc' dir='ltr'><strong>καταφρογεῖσαν</strong></span> <span class='ocrx_word' id='word_1_322' title='bbox 1215 3249 1297 3315; x_wconf 86' lang='grc' dir='ltr'><strong>είς</strong></span> <span class='ocrx_word' id='word_1_323' title='bbox 1338 3248 1555 3304; x_wconf 85' lang='grc' dir='ltr'><strong>ίκεσίαν</strong></span> <span class='ocrx_word' id='word_1_324' title='bbox 1585 3252 1865 3324; x_wconf 86' lang='grc' dir='ltr'><strong>προτείνε-</strong></span> 
     </span>
     <span class='ocr_line' id='line_1_48' title="bbox 281 3336 1870 3415; baseline 0.006 -26"><span class='ocrx_word' id='word_1_325' title='bbox 281 3351 400 3400; x_wconf 85' lang='grc' dir='ltr'><strong>ται,</strong></span> <span class='ocrx_word' id='word_1_326' title='bbox 432 3336 527 3391; x_wconf 70' lang='lat' dir='ltr'><strong>net</strong></span> <span class='ocrx_word' id='word_1_327' title='bbox 556 3336 656 3405; x_wconf 82' lang='grc' dir='ltr'><strong>τῆς</strong></span> <span class='ocrx_word' id='word_1_328' title='bbox 685 3336 1037 3409; x_wconf 79' lang='grc' dir='ltr'><strong>ἐπισκέψεως</strong></span> <span class='ocrx_word' id='word_1_329' title='bbox 1060 3338 1218 3411; x_wconf 80' lang='grc' dir='ltr'><strong>ὑμῶν</strong></span> <span class='ocrx_word' id='word_1_330' title='bbox 1245 3338 1334 3397; x_wconf 81' lang='grc' dir='ltr'><strong>διὰ</strong></span> <span class='ocrx_word' id='word_1_331' title='bbox 1365 3341 1536 3415; x_wconf 84' lang='grc' dir='ltr'><strong>μόνης</strong></span> <span class='ocrx_word' id='word_1_332' title='bbox 1569 3342 1698 3409; x_wconf 83' lang='grc' dir='ltr'><strong>θέας</strong></span> <span class='ocrx_word' id='word_1_333' title='bbox 1719 3343 1870 3412; x_wconf 78' lang='grc' dir='ltr'><strong>ἐξαι·</strong></span> 
     </span>
     <span class='ocr_line' id='line_1_49' title="bbox 281 3426 1865 3505; baseline 0.006 -24"><span class='ocrx_word' id='word_1_334' title='bbox 281 3427 457 3482; x_wconf 75' lang='grc' dir='ltr'><strong>τείται</strong></span> <span class='ocrx_word' id='word_1_335' title='bbox 499 3426 722 3499; x_wconf 87' lang='grc' dir='ltr'><strong>δρόσον·</strong></span> <span class='ocrx_word' id='word_1_336' title='bbox 771 3430 802 3484; x_wconf 86' lang='grc' dir='ltr'><strong>ό</strong></span> <span class='ocrx_word' id='word_1_337' title='bbox 862 3428 1217 3502; x_wconf 79' lang='grc' dir='ltr'><strong>δριμυτάτοις</strong></span> <span class='ocrx_word' id='word_1_338' title='bbox 1283 3432 1611 3505; x_wconf 87' lang='grc' dir='ltr'><strong>βαλλόμενος</strong></span> <span class='ocrx_word' id='word_1_339' title='bbox 1660 3436 1865 3504; x_wconf 85' lang='grc' dir='ltr'><strong>πόνοις,</strong></span> 
     </span>
     <span class='ocr_line' id='line_1_50' title="bbox 284 3516 1866 3597; baseline 0.006 -26"><span class='ocrx_word' id='word_1_340' title='bbox 284 3516 388 3590; x_wconf 78' lang='grc' dir='ltr'><strong>τῆς</strong></span> <span class='ocrx_word' id='word_1_341' title='bbox 437 3517 701 3589; x_wconf 85' lang='grc' dir='ltr'><strong>γλυκείας</strong></span> <span class='ocrx_word' id='word_1_342' title='bbox 730 3519 887 3593; x_wconf 79' lang='grc' dir='ltr'><strong>ὑμῶν</strong></span> <span class='ocrx_word' id='word_1_343' title='bbox 916 3520 1090 3578; x_wconf 82' lang='grc' dir='ltr'><strong>δεῖται</strong></span> <span class='ocrx_word' id='word_1_344' title='bbox 1130 3522 1199 3578; x_wconf 87' lang='grc' dir='ltr'><strong>δι’</strong></span> <span class='ocrx_word' id='word_1_345' title='bbox 1257 3525 1607 3597; x_wconf 76' lang='grc' dir='ltr'><strong>ἐπισκέψεως</strong></span> <span class='ocrx_word' id='word_1_346' title='bbox 1638 3528 1866 3583; x_wconf 78' lang='grc' dir='ltr'><strong>ἐπικου·</strong></span> 
     </span>
     <span class='ocr_line' id='line_1_51' title="bbox 287 3607 1870 3689; baseline 0.006 -28"><span class='ocrx_word' id='word_1_347' title='bbox 287 3607 412 3679; x_wconf 85' lang='grc' dir='ltr'><strong>ρίας</strong></span> <span class='ocrx_word' id='word_1_348' title='bbox 429 3611 445 3629; x_wconf 83' lang='grc'><em>·</em></span> <span class='ocrx_word' id='word_1_349' title='bbox 474 3608 505 3662; x_wconf 84' lang='grc' dir='ltr'><strong>δ</strong></span> <span class='ocrx_word' id='word_1_350' title='bbox 531 3607 901 3683; x_wconf 54' lang='grc' dir='ltr'><strong>λειπαίιυχῶν,</strong></span> <span class='ocrx_word' id='word_1_351' title='bbox 936 3612 1336 3688; x_wconf 80' lang='grc' dir='ltr'><strong>ἀνακτωμένην</strong></span> <span class='ocrx_word' id='word_1_352' title='bbox 1364 3616 1509 3687; x_wconf 77' lang='grc' dir='ltr'><strong>ὑμᾶς</strong></span> <span class='ocrx_word' id='word_1_353' title='bbox 1538 3616 1870 3689; x_wconf 71' lang='grc' dir='ltr'><strong>παραψυχὴν</strong></span> 
     </span>
     <span class='ocr_line' id='line_1_52' title="bbox 281 3697 1869 3778; baseline 0.005 -24"><span class='ocrx_word' id='word_1_354' title='bbox 281 3697 650 3772; x_wconf 72' lang='grc' dir='ltr'><strong>ἀπεκδέχεται</strong></span> <span class='ocrx_word' id='word_1_355' title='bbox 674 3715 692 3733; x_wconf 95' lang='grc'><strong>·</strong></span> <span class='ocrx_word' id='word_1_356' title='bbox 718 3702 749 3756; x_wconf 84' lang='grc' dir='ltr'><strong>ό</strong></span> <span class='ocrx_word' id='word_1_357' title='bbox 793 3702 1039 3774; x_wconf 88' lang='grc' dir='ltr'><strong>χρονίαις</strong></span> <span class='ocrx_word' id='word_1_358' title='bbox 1064 3704 1425 3776; x_wconf 72' lang='grc' dir='ltr'><strong>ἐκλελυμένος</strong></span> <span class='ocrx_word' id='word_1_359' title='bbox 1447 3705 1721 3777; x_wconf 78' lang='grc' dir='ltr'><strong>τηκεδόσι,</strong></span> <span class='ocrx_word' id='word_1_360' title='bbox 1766 3707 1869 3778; x_wconf 85' lang='grc' dir='ltr'><strong>τὴν</strong></span> 
     </span>
     <span class='ocr_line' id='line_1_53' title="bbox 287 3788 1872 3865; baseline 0.003 -21"><span class='ocrx_word' id='word_1_361' title='bbox 287 3788 446 3863; x_wconf 74' lang='grc' dir='ltr'><strong>ὑμῶν</strong></span> <span class='ocrx_word' id='word_1_362' title='bbox 489 3790 572 3854; x_wconf 85' lang='grc' dir='ltr'><strong>είς</strong></span> <span class='ocrx_word' id='word_1_363' title='bbox 608 3789 910 3863; x_wconf 80' lang='grc' dir='ltr'><strong>ἀνόρθωσιν</strong></span> <span class='ocrx_word' id='word_1_364' title='bbox 944 3792 1286 3864; x_wconf 76' lang='grc' dir='ltr'><strong>προσδλέπει</strong></span> <span class='ocrx_word' id='word_1_365' title='bbox 1323 3793 1665 3865; x_wconf 87' lang='grc' dir='ltr'><strong>παρουσίαν·</strong></span> <span class='ocrx_word' id='word_1_366' title='bbox 1698 3794 1729 3848; x_wconf 84' lang='grc' dir='ltr'><strong>ό</strong></span> <span class='ocrx_word' id='word_1_367' title='bbox 1763 3793 1872 3850; x_wconf 75' lang='grc' dir='ltr'><strong>πά·</strong></span> 
     </span>
     <span class='ocr_line' id='line_1_54' title="bbox 288 3881 1869 3956; baseline 0.003 -20"><span class='ocrx_word' id='word_1_368' title='bbox 288 3881 442 3937; x_wconf 90' lang='grc' dir='ltr'><strong>θεσιν</strong></span> <span class='ocrx_word' id='word_1_369' title='bbox 468 3882 570 3948; x_wconf 81' lang='grc' dir='ltr'><strong>τὰς</strong></span> <span class='ocrx_word' id='word_1_370' title='bbox 600 3881 754 3952; x_wconf 74' lang='grc' dir='ltr'><strong>ὄψεις</strong></span> <span class='ocrx_word' id='word_1_371' title='bbox 784 3884 1211 3956; x_wconf 82' lang='grc' dir='ltr'><strong>συγκεχυμένος,</strong></span> <span class='ocrx_word' id='word_1_372' title='bbox 1239 3885 1335 3940; x_wconf 74' lang='grc' dir='ltr'><strong>καὶ</strong></span> <span class='ocrx_word' id='word_1_373' title='bbox 1362 3884 1674 3941; x_wconf 87' lang='grc' dir='ltr'><strong>κατώδυνον</strong></span> <span class='ocrx_word' id='word_1_374' title='bbox 1694 3885 1869 3941; x_wconf 74' lang='grc' dir='ltr'><strong>ἐλκων</strong></span> 
     </span>
     <span class='ocr_line' id='line_1_55' title="bbox 287 3973 1872 4053; baseline 0.003 -23"><span class='ocrx_word' id='word_1_375' title='bbox 287 3973 425 4046; x_wconf 86' lang='grc' dir='ltr'><strong>βίον,</strong></span> <span class='ocrx_word' id='word_1_376' title='bbox 470 3976 846 4047; x_wconf 76' lang='grc' dir='ltr'><strong>φωταγωγοὺς</strong></span> <span class='ocrx_word' id='word_1_377' title='bbox 889 3977 1036 4047; x_wconf 71' lang='grc' dir='ltr'><strong>ὑμᾶς</strong></span> <span class='ocrx_word' id='word_1_378' title='bbox 1090 3975 1186 4032; x_wconf 73' lang='grc' dir='ltr'><strong>καὶ</strong></span> <span class='ocrx_word' id='word_1_379' title='bbox 1241 3977 1445 4034; x_wconf 83' lang='grc' dir='ltr'><strong>ὀδυνῶν</strong></span> <span class='ocrx_word' id='word_1_380' title='bbox 1495 3977 1872 4053; x_wconf 80' lang='grc' dir='ltr'><strong>ἐλευθερωτάς</strong></span> 
     </span>
     <span class='ocr_line' id='line_1_56' title="bbox 288 4068 1868 4144; baseline 0.003 -22"><span class='ocrx_word' id='word_1_381' title='bbox 288 4069 530 4141; x_wconf 74' lang='grc' dir='ltr'><strong>προορᾷ·</strong></span> <span class='ocrx_word' id='word_1_382' title='bbox 561 4071 591 4124; x_wconf 85' lang='grc' dir='ltr'><strong>ὁ</strong></span> <span class='ocrx_word' id='word_1_383' title='bbox 611 4068 676 4123; x_wconf 76' lang='grc' dir='ltr'><strong>ἐκ</strong></span> <span class='ocrx_word' id='word_1_384' title='bbox 696 4084 844 4134; x_wconf 91' lang='grc' dir='ltr'><strong>τινος</strong></span> <span class='ocrx_word' id='word_1_385' title='bbox 870 4068 941 4125; x_wconf 74' lang='grc' dir='ltr'><strong>τὰ</strong></span> <span class='ocrx_word' id='word_1_386' title='bbox 968 4068 1104 4143; x_wconf 86' lang='grc' dir='ltr'><strong>μέλη</strong></span> <span class='ocrx_word' id='word_1_387' title='bbox 1132 4069 1443 4144; x_wconf 74' lang='grc' dir='ltr'><strong>συντριδεὶς</strong></span> <span class='ocrx_word' id='word_1_388' title='bbox 1471 4070 1868 4142; x_wconf 87' lang='grc' dir='ltr'><strong>συμπτώσεως,</strong></span> 
     </span>
     <span class='ocr_line' id='line_1_57' title="bbox 288 4150 1874 4236; baseline 0.002 -19"><span class='ocrx_word' id='word_1_389' title='bbox 288 4159 705 4234; x_wconf 78' lang='grc' dir='ltr'><strong>ἀρμολογοῦσάν</strong></span> <span class='ocrx_word' id='word_1_390' title='bbox 728 4177 792 4215; x_wconf 87' lang='grc' dir='ltr'><strong>τε</strong></span> <span class='ocrx_word' id='word_1_391' title='bbox 820 4160 939 4234; x_wconf 69' lang='grc' dir='ltr'><strong>ἅμα</strong></span> <span class='ocrx_word' id='word_1_392' title='bbox 964 4150 1060 4217; x_wconf 71' lang='grc' dir='ltr'><strong>καὶ</strong></span> <span class='ocrx_word' id='word_1_393' title='bbox 1085 4162 1414 4219; x_wconf 85' lang='grc' dir='ltr'><strong>συνδέουσαν</strong></span> <span class='ocrx_word' id='word_1_394' title='bbox 1437 4165 1536 4232; x_wconf 70' lang='grc' dir='ltr'><strong>τὴν</strong></span> <span class='ocrx_word' id='word_1_395' title='bbox 1561 4164 1591 4218; x_wconf 81' lang='grc' dir='ltr'><strong>ύ</strong></span> <span class='ocrx_word' id='word_1_396' title='bbox 1600 4164 1717 4236; x_wconf 84' lang='grc' dir='ltr'><strong>μῶν</strong></span> <span class='ocrx_word' id='word_1_397' title='bbox 1752 4166 1874 4220; x_wconf 89' lang='grc' dir='ltr'><strong>ἐπι-</strong></span> 
     </span>
    </p>
   </div>
   <div class='ocr_carea' id='block_1_10' title="bbox 287 4251 1931 4329">
    <p class='ocr_par' dir='ltr' id='par_1_12' title="bbox 287 4251 1931 4329">
     <span class='ocr_line' id='line_1_58' title="bbox 287 4251 1931 4329; baseline 0.002 -22"><span class='ocrx_word' id='word_1_398' title='bbox 287 4252 541 4308; x_wconf 75' lang='grc' dir='ltr'><strong>καλεῖται</strong></span> <span class='ocrx_word' id='word_1_399' title='bbox 578 4251 853 4326; x_wconf 74' lang='grc' dir='ltr'><strong>βοήθειαν.</strong></span> <span class='ocrx_word' id='word_1_400' title='bbox 882 4253 1000 4317; x_wconf 75' lang='grc' dir='ltr'><strong>Πᾶς</strong></span> <span class='ocrx_word' id='word_1_401' title='bbox 1022 4253 1204 4309; x_wconf 89' lang='grc' dir='ltr'><strong>τοίνυν</strong></span> <span class='ocrx_word' id='word_1_402' title='bbox 1226 4256 1255 4309; x_wconf 91' lang='grc' dir='ltr'><strong>ό</strong></span> <span class='ocrx_word' id='word_1_403' title='bbox 1285 4253 1345 4309; x_wconf 77' lang='grc' dir='ltr'><strong>τὸ</strong></span> <span class='ocrx_word' id='word_1_404' title='bbox 1380 4253 1692 4318; x_wconf 78' lang='grc' dir='ltr'><strong>πολυπαθές</strong></span> <span class='ocrx_word' id='word_1_405' title='bbox 1719 4273 1875 4329; x_wconf 84' lang='grc' dir='ltr'><strong>περι·</strong></span> <span class='ocrx_word' id='word_1_406' title='bbox 1923 4256 1931 4264; x_wconf 83' lang='grc'><em>“</em></span> 
     </span>
    </p>
   </div>
   <div class='ocr_carea' id='block_1_11' title="bbox 288 4342 1874 4512">
    <p class='ocr_par' dir='ltr' id='par_1_13' title="bbox 288 4342 1874 4512">
     <span class='ocr_line' id='line_1_59' title="bbox 288 4342 1874 4416; baseline 0.003 -17"><span class='ocrx_word' id='word_1_407' title='bbox 288 4343 547 4415; x_wconf 84' lang='grc' dir='ltr'><strong>κείμενος</strong></span> <span class='ocrx_word' id='word_1_408' title='bbox 597 4343 779 4416; x_wconf 85' lang='grc' dir='ltr'><strong>σῶμα,</strong></span> <span class='ocrx_word' id='word_1_409' title='bbox 817 4344 911 4399; x_wconf 74' lang='grc' dir='ltr'><strong>καὶ</strong></span> <span class='ocrx_word' id='word_1_410' title='bbox 958 4342 1233 4414; x_wconf 82' lang='grc' dir='ltr'><strong>ἀλγεινοῖς</strong></span> <span class='ocrx_word' id='word_1_411' title='bbox 1259 4347 1377 4412; x_wconf 72' lang='grc' dir='ltr'><strong>τοῖς</strong></span> <span class='ocrx_word' id='word_1_412' title='bbox 1403 4346 1598 4402; x_wconf 88' lang='grc' dir='ltr'><strong>τούτου</strong></span> <span class='ocrx_word' id='word_1_413' title='bbox 1630 4349 1874 4404; x_wconf 88' lang='grc' dir='ltr'><strong>συνδεδε-</strong></span> 
     </span>
     <span class='ocr_line' id='line_1_60' title="bbox 293 4435 1874 4512; baseline 0.004 -22"><span class='ocrx_word' id='word_1_414' title='bbox 293 4439 479 4509; x_wconf 79' lang='grc' dir='ltr'><strong>μένος,</strong></span> <span class='ocrx_word' id='word_1_415' title='bbox 514 4436 754 4509; x_wconf 85' lang='grc' dir='ltr'><strong>Χριστοῦ</strong></span> <span class='ocrx_word' id='word_1_416' title='bbox 795 4435 894 4492; x_wconf 89' lang='grc' dir='ltr'><strong>τοῦ</strong></span> <span class='ocrx_word' id='word_1_417' title='bbox 934 4436 1240 4507; x_wconf 78' lang='grc' dir='ltr'><strong>φιλαγάθου</strong></span> <span class='ocrx_word' id='word_1_418' title='bbox 1293 4438 1649 4512; x_wconf 87' lang='grc' dir='ltr'><strong>παρέχοντος,</strong></span> <span class='ocrx_word' id='word_1_419' title='bbox 1684 4442 1874 4496; x_wconf 85' lang='grc' dir='ltr'><strong>κακῶν</strong></span> 
     </span>
    </p>
   </div>
   <div class='ocr_carea' id='block_1_12' title="bbox 1891 3210 1938 3273">
    <p class='ocr_par' dir='ltr' id='par_1_14' title="bbox 1891 3210 1938 3273">
     <span class='ocr_line' id='line_1_61' title="bbox 1891 3210 1938 3273; baseline 0 0"><span class='ocrx_word' id='word_1_420' title='bbox 1891 3210 1938 3273; x_wconf 86' lang='lat' dir='ltr'>C</span> 
     </span>
    </p>
   </div>
   <div class='ocr_carea' id='block_1_13' title="bbox 1957 1957 3551 2213">
    <p class='ocr_par' dir='ltr' id='par_1_15' title="bbox 1957 1957 3551 2213">
     <span class='ocr_line' id='line_1_62' title="bbox 1957 1957 3549 2037; baseline -0.003 -18"><span class='ocrx_word' id='word_1_421' title='bbox 1957 1968 2132 2037; x_wconf 73' lang='lat' dir='ltr'>giunt,</span> <span class='ocrx_word' id='word_1_422' title='bbox 2165 1962 2419 2034; x_wconf 84' lang='lat' dir='ltr'>precibus</span> <span class='ocrx_word' id='word_1_423' title='bbox 2446 1962 2753 2033; x_wconf 80' lang='lat' dir='ltr'>impetrate.</span> <span class='ocrx_word' id='word_1_424' title='bbox 2783 1957 2989 2016; x_wconf 83' lang='lat' dir='ltr'>Videtis</span> <span class='ocrx_word' id='word_1_425' title='bbox 3016 1958 3244 2015; x_wconf 83' lang='lat' dir='ltr'>enitent</span> <span class='ocrx_word' id='word_1_426' title='bbox 3272 1960 3402 2029; x_wconf 73' lang='lat' dir='ltr'>aegri</span> <span class='ocrx_word' id='word_1_427' title='bbox 3451 1959 3549 2015; x_wconf 86' lang='lat' dir='ltr'><strong>bo·</strong></span> 
     </span>
     <span class='ocr_line' id='line_1_63' title="bbox 1958 2050 3549 2124; baseline -0.004 -13"><span class='ocrx_word' id='word_1_428' title='bbox 1958 2057 2154 2118; x_wconf 82' lang='lat' dir='ltr'>mines,</span> <span class='ocrx_word' id='word_1_429' title='bbox 2178 2069 2275 2111; x_wconf 89' lang='lat' dir='ltr'><strong>ceu</strong></span> <span class='ocrx_word' id='word_1_430' title='bbox 2309 2054 2377 2110; x_wconf 87' lang='lat' dir='ltr'><strong>ad</strong></span> <span class='ocrx_word' id='word_1_431' title='bbox 2424 2053 2611 2111; x_wconf 75' lang='lat' dir='ltr'>faciles</span> <span class='ocrx_word' id='word_1_432' title='bbox 2643 2053 2926 2122; x_wconf 80' lang='lat' dir='ltr'>quasdam,</span> <span class='ocrx_word' id='word_1_433' title='bbox 2948 2067 3011 2108; x_wconf 87' lang='lat' dir='ltr'><strong>ac</strong></span> <span class='ocrx_word' id='word_1_434' title='bbox 3033 2051 3224 2124; x_wconf 72' lang='lat' dir='ltr'>gratiis</span> <span class='ocrx_word' id='word_1_435' title='bbox 3273 2050 3549 2107; x_wconf 76' lang='lat' dir='ltr'>consertas</span> 
     </span>
     <span class='ocr_line' id='line_1_64' title="bbox 1958 2141 3551 2213; baseline -0.005 -10"><span class='ocrx_word' id='word_1_436' title='bbox 1958 2145 2209 2203; x_wconf 74' lang='lat' dir='ltr'>cilicinas</span> <span class='ocrx_word' id='word_1_437' title='bbox 2223 2145 2483 2209; x_wconf 88' lang='lat' dir='ltr'>medicas,</span> <span class='ocrx_word' id='word_1_438' title='bbox 2504 2144 2571 2199; x_wconf 88' lang='lat' dir='ltr'><strong>ad</strong></span> <span class='ocrx_word' id='word_1_439' title='bbox 2586 2152 2762 2199; x_wconf 82' lang='lat' dir='ltr'>vestra</span> <span class='ocrx_word' id='word_1_440' title='bbox 2780 2142 3004 2199; x_wconf 85' lang='lat' dir='ltr'>delubra</span> <span class='ocrx_word' id='word_1_441' title='bbox 3020 2141 3416 2213; x_wconf 70' lang='lat' dir='ltr'>confugientes,</span> <span class='ocrx_word' id='word_1_442' title='bbox 3430 2141 3551 2198; x_wconf 90' lang='lat' dir='ltr'>nul-</span> 
     </span>
    </p>
   </div>
   <div class='ocr_carea' id='block_1_14' title="bbox 1960 2235 3578 4512">
    <p class='ocr_par' dir='ltr' id='par_1_16' title="bbox 1960 2235 3578 3129">
     <span class='ocr_line' id='line_1_65' title="bbox 1960 2235 3552 2312; baseline -0.003 -13"><span class='ocrx_word' id='word_1_443' title='bbox 1960 2243 2010 2299; x_wconf 79' lang='lat' dir='ltr'><strong>la</strong></span> <span class='ocrx_word' id='word_1_444' title='bbox 2034 2258 2093 2299; x_wconf 90' lang='lat' dir='ltr'><strong>se</strong></span> <span class='ocrx_word' id='word_1_445' title='bbox 2117 2242 2372 2300; x_wconf 84' lang='lat' dir='ltr'>dilatione</span> <span class='ocrx_word' id='word_1_446' title='bbox 2398 2257 2427 2298; x_wconf 88' lang='lat' dir='ltr'><strong>a</strong></span> <span class='ocrx_word' id='word_1_447' title='bbox 2449 2240 2796 2312; x_wconf 73' lang='lat' dir='ltr'>languoribus</span> <span class='ocrx_word' id='word_1_448' title='bbox 2843 2239 3155 2296; x_wconf 85' lang='lat' dir='ltr'>liberandos</span> <span class='ocrx_word' id='word_1_449' title='bbox 3195 2235 3552 2309; x_wconf 80' lang='lat' dir='ltr'>sperent.Vns</span> 
     </span>
     <span class='ocr_line' id='line_1_66' title="bbox 1960 2330 3552 2408; baseline -0.006 -17"><span class='ocrx_word' id='word_1_450' title='bbox 1960 2336 2158 2408; x_wconf 81' lang='lat' dir='ltr'>quippe</span> <span class='ocrx_word' id='word_1_451' title='bbox 2184 2334 2368 2392; x_wconf 91' lang='lat' dir='ltr'>animo</span> <span class='ocrx_word' id='word_1_452' title='bbox 2395 2341 2739 2400; x_wconf 86' lang='lat' dir='ltr'>contuentur,</span> <span class='ocrx_word' id='word_1_453' title='bbox 2757 2331 2970 2387; x_wconf 82' lang='lat' dir='ltr'>tametsi</span> <span class='ocrx_word' id='word_1_454' title='bbox 3012 2345 3119 2386; x_wconf 90' lang='lat' dir='ltr'><strong>non</strong></span> <span class='ocrx_word' id='word_1_455' title='bbox 3149 2330 3283 2386; x_wconf 88' lang='lat' dir='ltr'>estis</span> <span class='ocrx_word' id='word_1_456' title='bbox 3333 2331 3552 2399; x_wconf 77' lang='lat' dir='ltr'>conspi-</span> 
     </span>
     <span class='ocr_line' id='line_1_67' title="bbox 1962 2421 3551 2498; baseline -0.005 -14"><span class='ocrx_word' id='word_1_457' title='bbox 1962 2430 2048 2498; x_wconf 73' lang='lat' dir='ltr'><strong>cui</strong></span> <span class='ocrx_word' id='word_1_458' title='bbox 2082 2426 2286 2494; x_wconf 80' lang='lat' dir='ltr'>oculis3</span> <span class='ocrx_word' id='word_1_459' title='bbox 2331 2441 2523 2482; x_wconf 88' lang='lat' dir='ltr'>manus</span> <span class='ocrx_word' id='word_1_460' title='bbox 2572 2426 2935 2498; x_wconf 73' lang='lat' dir='ltr'>protendunt3</span> <span class='ocrx_word' id='word_1_461' title='bbox 2987 2421 3419 2478; x_wconf 82' lang='lat' dir='ltr'>misericordiam</span> <span class='ocrx_word' id='word_1_462' title='bbox 3465 2436 3551 2476; x_wconf 90' lang='lat' dir='ltr'><strong>re·</strong></span> 
     </span>
     <span class='ocr_line' id='line_1_68' title="bbox 1964 2511 3546 2586; baseline -0.005 -14"><span class='ocrx_word' id='word_1_463' title='bbox 1964 2517 2245 2585; x_wconf 78' lang='lat' dir='ltr'>quit-entes</span> <span class='ocrx_word' id='word_1_464' title='bbox 2286 2515 2471 2573; x_wconf 78' lang='lat' dir='ltr'>verbis</span> <span class='ocrx_word' id='word_1_465' title='bbox 2519 2514 2980 2586; x_wconf 79' lang='lat' dir='ltr'>congrediuntur;</span> <span class='ocrx_word' id='word_1_466' title='bbox 3010 2515 3303 2568; x_wconf 79' lang='lat' dir='ltr'>obsecrant</span> <span class='ocrx_word' id='word_1_467' title='bbox 3329 2519 3388 2565; x_wconf 89' lang='lat' dir='ltr'>ut</span> <span class='ocrx_word' id='word_1_468' title='bbox 3425 2511 3546 2566; x_wconf 77' lang='lat' dir='ltr'>vin·</span> 
     </span>
     <span class='ocr_line' id='line_1_69' title="bbox 1965 2603 3548 2677; baseline -0.005 -12"><span class='ocrx_word' id='word_1_469' title='bbox 1965 2609 2154 2675; x_wconf 62' lang='lat' dir='ltr'>dicen</span> <span class='ocrx_word' id='word_1_470' title='bbox 2187 2616 2246 2663; x_wconf 91' lang='lat' dir='ltr'>ut</span> <span class='ocrx_word' id='word_1_471' title='bbox 2296 2616 2605 2672; x_wconf 85' lang='lat' dir='ltr'>curatores,</span> <span class='ocrx_word' id='word_1_472' title='bbox 2635 2605 2908 2677; x_wconf 84' lang='lat' dir='ltr'>supplices</span> <span class='ocrx_word' id='word_1_473' title='bbox 2937 2614 3249 2675; x_wconf 73' lang='lat' dir='ltr'>roganttac</span> <span class='ocrx_word' id='word_1_474' title='bbox 3283 2603 3375 2659; x_wconf 87' lang='lat' dir='ltr'>ille</span> <span class='ocrx_word' id='word_1_475' title='bbox 3425 2603 3548 2674; x_wconf 83' lang='lat' dir='ltr'>qni-</span> 
     </span>
     <span class='ocr_line' id='line_1_70' title="bbox 1965 2695 3553 2763; baseline -0.003 -7"><span class='ocrx_word' id='word_1_476' title='bbox 1965 2700 2110 2763; x_wconf 85' lang='lat' dir='ltr'>dem.</span> <span class='ocrx_word' id='word_1_477' title='bbox 2150 2701 2384 2756; x_wconf 82' lang='lat' dir='ltr'>necdum</span> <span class='ocrx_word' id='word_1_478' title='bbox 2440 2700 2712 2756; x_wconf 87' lang='lat' dir='ltr'>sermonis</span> <span class='ocrx_word' id='word_1_479' title='bbox 2763 2699 2965 2754; x_wconf 84' lang='lat' dir='ltr'>amissa</span> <span class='ocrx_word' id='word_1_480' title='bbox 3013 2697 3295 2762; x_wconf 75' lang='lat' dir='ltr'>facultate,</span> <span class='ocrx_word' id='word_1_481' title='bbox 3335 2695 3553 2751; x_wconf 84' lang='lat' dir='ltr'>dolores</span> 
     </span>
     <span class='ocr_line' id='line_1_71' title="bbox 1966 2781 3552 2870; baseline -0.003 -22"><span class='ocrx_word' id='word_1_482' title='bbox 1966 2793 2165 2864; x_wconf 82' lang='lat' dir='ltr'>quibus</span> <span class='ocrx_word' id='word_1_483' title='bbox 2202 2801 2418 2849; x_wconf 87' lang='lat' dir='ltr'>tenetur</span> <span class='ocrx_word' id='word_1_484' title='bbox 2459 2792 2645 2848; x_wconf 76' lang='lat' dir='ltr'>verbis</span> <span class='ocrx_word' id='word_1_485' title='bbox 2698 2781 2991 2862; x_wconf 78' lang='lat' dir='ltr'>significat,</span> <span class='ocrx_word' id='word_1_486' title='bbox 3016 2805 3115 2859; x_wconf 86' lang='lat' dir='ltr'><strong>pro</strong></span> <span class='ocrx_word' id='word_1_487' title='bbox 3136 2791 3237 2870; x_wconf 47' lang='lat' dir='ltr'>eis·</span> <span class='ocrx_word' id='word_1_488' title='bbox 3274 2789 3552 2860; x_wconf 82' lang='lat' dir='ltr'>supplica-</span> 
     </span>
     <span class='ocr_line' id='line_1_72' title="bbox 1969 2877 3578 2955; baseline -0.004 -17"><span class='ocrx_word' id='word_1_489' title='bbox 1969 2882 2174 2939; x_wconf 86' lang='lat' dir='ltr'>tionem</span> <span class='ocrx_word' id='word_1_490' title='bbox 2197 2881 2520 2955; x_wconf 80' lang='lat' dir='ltr'>proferens;</span> <span class='ocrx_word' id='word_1_491' title='bbox 2551 2879 2642 2937; x_wconf 87' lang='lat' dir='ltr'>ille</span> <span class='ocrx_word' id='word_1_492' title='bbox 2659 2895 2790 2935; x_wconf 71' lang='lat' dir='ltr'>vero</span> <span class='ocrx_word' id='word_1_493' title='bbox 2819 2893 2929 2949; x_wconf 78' lang='lat' dir='ltr'><strong>prae</strong></span> <span class='ocrx_word' id='word_1_494' title='bbox 2959 2877 3295 2951; x_wconf 64' lang='lat' dir='ltr'>aegritudinis</span> <span class='ocrx_word' id='word_1_495' title='bbox 3323 2879 3578 2933; x_wconf 77' lang='lat' dir='ltr'>numen-</span> 
     </span>
     <span class='ocr_line' id='line_1_73' title="bbox 1967 2970 3565 3043; baseline -0.004 -11"><span class='ocrx_word' id='word_1_496' title='bbox 1967 2976 2126 3032; x_wconf 84' lang='lat' dir='ltr'>sitate</span> <span class='ocrx_word' id='word_1_497' title='bbox 2154 2976 2315 3033; x_wconf 90' lang='lat' dir='ltr'>etiam</span> <span class='ocrx_word' id='word_1_498' title='bbox 2346 2989 2409 3032; x_wconf 90' lang='lat' dir='ltr'><strong>ea</strong></span> <span class='ocrx_word' id='word_1_499' title='bbox 2431 2973 2651 3038; x_wconf 84' lang='lat' dir='ltr'>amissa,</span> <span class='ocrx_word' id='word_1_500' title='bbox 2672 2988 2736 3028; x_wconf 87' lang='lat' dir='ltr'><strong>ae</strong></span> <span class='ocrx_word' id='word_1_501' title='bbox 2759 2972 2906 3043; x_wconf 81' lang='lat' dir='ltr'>loqui</span> <span class='ocrx_word' id='word_1_502' title='bbox 2932 2971 3282 3043; x_wconf 76' lang='lat' dir='ltr'>praepeditus,</span> <span class='ocrx_word' id='word_1_503' title='bbox 3318 2970 3565 3041; x_wconf 70' lang='lat' dir='ltr'>gemitus</span> 
     </span>
     <span class='ocr_line' id='line_1_74' title="bbox 1970 3058 3555 3129; baseline -0.003 -6"><span class='ocrx_word' id='word_1_504' title='bbox 1970 3066 2181 3124; x_wconf 84' lang='lat' dir='ltr'>intente</span> <span class='ocrx_word' id='word_1_505' title='bbox 2205 3065 2494 3129; x_wconf 83' lang='lat' dir='ltr'>submittit,</span> <span class='ocrx_word' id='word_1_506' title='bbox 2520 3079 2584 3123; x_wconf 87' lang='lat' dir='ltr'><strong>ac</strong></span> <span class='ocrx_word' id='word_1_507' title='bbox 2603 3062 2848 3121; x_wconf 84' lang='lat' dir='ltr'>dolorem</span> <span class='ocrx_word' id='word_1_508' title='bbox 2891 3063 3245 3119; x_wconf 88' lang='lat' dir='ltr'>suburentem</span> <span class='ocrx_word' id='word_1_509' title='bbox 3296 3058 3555 3119; x_wconf 74' lang='lat' dir='ltr'>ostendit.</span> 
     </span>
    </p>

    <p class='ocr_par' dir='ltr' id='par_1_17' title="bbox 1968 3143 3569 4512">
     <span class='ocr_line' id='line_1_75' title="bbox 2042 3143 3554 3231; baseline -0.007 -17"><span class='ocrx_word' id='word_1_510' title='bbox 2042 3157 2135 3215; x_wconf 88' lang='lat' dir='ltr'><strong>Sic</strong></span> <span class='ocrx_word' id='word_1_511' title='bbox 2194 3158 2287 3231; x_wconf 82' lang='lat' dir='ltr'><strong>qui</strong></span> <span class='ocrx_word' id='word_1_512' title='bbox 2333 3157 2501 3214; x_wconf 76' lang='lat' dir='ltr'>febris</span> <span class='ocrx_word' id='word_1_513' title='bbox 2553 3156 2843 3212; x_wconf 85' lang='lat' dir='ltr'>ardoribus</span> <span class='ocrx_word' id='word_1_514' title='bbox 2892 3153 3114 3216; x_wconf 82' lang='lat' dir='ltr'>adesus.</span> <span class='ocrx_word' id='word_1_515' title='bbox 3149 3143 3399 3209; x_wconf 75' lang='lat' dir='ltr'>deustam</span> <span class='ocrx_word' id='word_1_516' title='bbox 3445 3150 3554 3205; x_wconf 88' lang='lat' dir='ltr'>lin-</span> 
     </span>
     <span class='ocr_line' id='line_1_76' title="bbox 1970 3243 3556 3322; baseline -0.006 -18"><span class='ocrx_word' id='word_1_517' title='bbox 1970 3263 2134 3322; x_wconf 72' lang='lat' dir='ltr'>guam</span> <span class='ocrx_word' id='word_1_518' title='bbox 2195 3246 2551 3319; x_wconf 82' lang='lat' dir='ltr'>supplicantis</span> <span class='ocrx_word' id='word_1_519' title='bbox 2582 3246 2764 3317; x_wconf 85' lang='lat' dir='ltr'>specie</span> <span class='ocrx_word' id='word_1_520' title='bbox 2793 3243 3085 3315; x_wconf 82' lang='lat' dir='ltr'>protendit,</span> <span class='ocrx_word' id='word_1_521' title='bbox 3112 3256 3291 3313; x_wconf 80' lang='lat' dir='ltr'>exque</span> <span class='ocrx_word' id='word_1_522' title='bbox 3331 3251 3556 3313; x_wconf 82' lang='lat' dir='ltr'>aspectu</span> 
     </span>
     <span class='ocr_line' id='line_1_77' title="bbox 1968 3333 3557 3412; baseline -0.007 -14"><span class='ocrx_word' id='word_1_523' title='bbox 1968 3341 2108 3407; x_wconf 87' lang='lat' dir='ltr'>solo,</span> <span class='ocrx_word' id='word_1_524' title='bbox 2132 3338 2488 3412; x_wconf 79' lang='lat' dir='ltr'>inspectionis</span> <span class='ocrx_word' id='word_1_525' title='bbox 2540 3348 2735 3394; x_wconf 79' lang='lat' dir='ltr'>vestrae</span> <span class='ocrx_word' id='word_1_526' title='bbox 2760 3350 2939 3393; x_wconf 90' lang='lat' dir='ltr'>rorem</span> <span class='ocrx_word' id='word_1_527' title='bbox 2986 3336 3279 3406; x_wconf 73' lang='lat' dir='ltr'>deposcit:</span> <span class='ocrx_word' id='word_1_528' title='bbox 3311 3333 3557 3390; x_wconf 84' lang='lat' dir='ltr'>acerbis-</span> 
     </span>
     <span class='ocr_line' id='line_1_78' title="bbox 1968 3427 3558 3500; baseline -0.007 -8"><span class='ocrx_word' id='word_1_529' title='bbox 1968 3436 2127 3492; x_wconf 83' lang='lat' dir='ltr'>simis</span> <span class='ocrx_word' id='word_1_530' title='bbox 2146 3434 2372 3491; x_wconf 77' lang='lat' dir='ltr'>alfectus</span> <span class='ocrx_word' id='word_1_531' title='bbox 2426 3433 2728 3499; x_wconf 85' lang='lat' dir='ltr'>doloribus,</span> <span class='ocrx_word' id='word_1_532' title='bbox 2758 3431 2915 3488; x_wconf 85' lang='lat' dir='ltr'>dulce</span> <span class='ocrx_word' id='word_1_533' title='bbox 2954 3441 3157 3487; x_wconf 62' lang='lat' dir='ltr'>vestre</span> <span class='ocrx_word' id='word_1_534' title='bbox 3202 3427 3558 3500; x_wconf 83' lang='lat' dir='ltr'>inspectionis</span> 
     </span>
     <span class='ocr_line' id='line_1_79' title="bbox 1970 3520 3557 3594; baseline -0.002 -15"><span class='ocrx_word' id='word_1_535' title='bbox 1970 3522 2233 3580; x_wconf 84' lang='lat' dir='ltr'>auxilium</span> <span class='ocrx_word' id='word_1_536' title='bbox 2287 3526 2423 3594; x_wconf 85' lang='lat' dir='ltr'>petit</span> <span class='ocrx_word' id='word_1_537' title='bbox 2457 3522 2670 3578; x_wconf 82' lang='lat' dir='ltr'>:animi</span> <span class='ocrx_word' id='word_1_538' title='bbox 2726 3521 2967 3588; x_wconf 77' lang='lat' dir='ltr'>deliquio</span> <span class='ocrx_word' id='word_1_539' title='bbox 3016 3521 3294 3583; x_wconf 79' lang='lat' dir='ltr'>laborans,</span> <span class='ocrx_word' id='word_1_540' title='bbox 3327 3520 3557 3590; x_wconf 77' lang='lat' dir='ltr'>refrige-</span> 
     </span>
     <span class='ocr_line' id='line_1_80' title="bbox 1971 3610 3561 3685; baseline -0.001 -16"><span class='ocrx_word' id='word_1_541' title='bbox 1971 3615 2113 3671; x_wconf 86' lang='lat' dir='ltr'>rium</span> <span class='ocrx_word' id='word_1_542' title='bbox 2166 3622 2448 3685; x_wconf 79' lang='lat' dir='ltr'>exspectat</span> <span class='ocrx_word' id='word_1_543' title='bbox 2499 3628 2607 3683; x_wconf 84' lang='lat' dir='ltr'><strong>quo</strong></span> <span class='ocrx_word' id='word_1_544' title='bbox 2646 3613 2947 3667; x_wconf 77' lang='lat' dir='ltr'>recreetis:</span> <span class='ocrx_word' id='word_1_545' title='bbox 2983 3612 3241 3667; x_wconf 77' lang='lat' dir='ltr'>diuturno</span> <span class='ocrx_word' id='word_1_546' title='bbox 3297 3610 3561 3682; x_wconf 76' lang='lat' dir='ltr'>languore</span> 
     </span>
     <span class='ocr_line' id='line_1_81' title="bbox 1971 3704 3556 3783; baseline -0.001 -23"><span class='ocrx_word' id='word_1_547' title='bbox 1971 3705 2244 3783; x_wconf 73' lang='lat' dir='ltr'>resolutus</span> <span class='ocrx_word' id='word_1_548' title='bbox 2299 3718 2365 3760; x_wconf 88' lang='lat' dir='ltr'><strong>ac</strong></span> <span class='ocrx_word' id='word_1_549' title='bbox 2402 3704 2821 3765; x_wconf 77' lang='lat' dir='ltr'>contabescens.</span> <span class='ocrx_word' id='word_1_550' title='bbox 2844 3704 3137 3758; x_wconf 79' lang='lat' dir='ltr'>adventum</span> <span class='ocrx_word' id='word_1_551' title='bbox 3194 3712 3435 3759; x_wconf 80' lang='lat' dir='ltr'>vestrum</span> <span class='ocrx_word' id='word_1_552' title='bbox 3467 3718 3556 3759; x_wconf 80' lang='lat' dir='ltr'><strong>re-</strong></span> 
     </span>
     <span class='ocr_line' id='line_1_82' title="bbox 1969 3792 3552 3869; baseline -0.004 -16"><span class='ocrx_word' id='word_1_553' title='bbox 1969 3798 2245 3868; x_wconf 85' lang='lat' dir='ltr'>parandus</span> <span class='ocrx_word' id='word_1_554' title='bbox 2294 3795 2551 3869; x_wconf 76' lang='lat' dir='ltr'>observat</span> <span class='ocrx_word' id='word_1_555' title='bbox 2585 3793 2863 3863; x_wconf 68' lang='lat' dir='ltr'>:confusa</span> <span class='ocrx_word' id='word_1_556' title='bbox 2921 3792 3129 3848; x_wconf 83' lang='lat' dir='ltr'>babens</span> <span class='ocrx_word' id='word_1_557' title='bbox 3150 3807 3216 3848; x_wconf 77' lang='lat' dir='ltr'><strong>ex</strong></span> <span class='ocrx_word' id='word_1_558' title='bbox 3247 3794 3438 3848; x_wconf 86' lang='lat' dir='ltr'>morbo</span> <span class='ocrx_word' id='word_1_559' title='bbox 3470 3794 3552 3847; x_wconf 78' lang='lat' dir='ltr'>ln-</span> 
     </span>
     <span class='ocr_line' id='line_1_83' title="bbox 1971 3882 3559 3958; baseline -0.004 -14"><span class='ocrx_word' id='word_1_560' title='bbox 1971 3888 2141 3956; x_wconf 86' lang='lat' dir='ltr'>mina,</span> <span class='ocrx_word' id='word_1_561' title='bbox 2176 3901 2351 3958; x_wconf 84' lang='lat' dir='ltr'>coque</span> <span class='ocrx_word' id='word_1_562' title='bbox 2377 3884 2656 3943; x_wconf 82' lang='lat' dir='ltr'>doloribus</span> <span class='ocrx_word' id='word_1_563' title='bbox 2706 3882 2920 3952; x_wconf 83' lang='lat' dir='ltr'>plenam</span> <span class='ocrx_word' id='word_1_564' title='bbox 2949 3883 3115 3938; x_wconf 80' lang='lat' dir='ltr'>vitam</span> <span class='ocrx_word' id='word_1_565' title='bbox 3175 3882 3418 3946; x_wconf 83' lang='lat' dir='ltr'>trabens,</span> <span class='ocrx_word' id='word_1_566' title='bbox 3459 3896 3559 3937; x_wconf 79' lang='lat' dir='ltr'>voa</span> 
     </span>
     <span class='ocr_line' id='line_1_84' title="bbox 1971 3973 3554 4052; baseline -0.003 -17"><span class='ocrx_word' id='word_1_567' title='bbox 1971 3978 2385 4052; x_wconf 79' lang='lat' dir='ltr'>illuminatores,</span> <span class='ocrx_word' id='word_1_568' title='bbox 2425 3984 2588 4048; x_wconf 80' lang='lat' dir='ltr'>atque</span> <span class='ocrx_word' id='word_1_569' title='bbox 2617 3991 2648 4033; x_wconf 91' lang='lat' dir='ltr'><strong>a</strong></span> <span class='ocrx_word' id='word_1_570' title='bbox 2681 3976 2965 4032; x_wconf 84' lang='lat' dir='ltr'>doloribus</span> <span class='ocrx_word' id='word_1_571' title='bbox 2993 3973 3236 4031; x_wconf 75' lang='lat' dir='ltr'>vindices</span> <span class='ocrx_word' id='word_1_572' title='bbox 3257 3973 3554 4044; x_wconf 72' lang='lat' dir='ltr'>praevidet:</span> 
     </span>
     <span class='ocr_line' id='line_1_85' title="bbox 1971 4067 3557 4139; baseline -0.004 -12"><span class='ocrx_word' id='word_1_573' title='bbox 1971 4069 2179 4127; x_wconf 80' lang='lat' dir='ltr'>babens</span> <span class='ocrx_word' id='word_1_574' title='bbox 2204 4084 2332 4126; x_wconf 84' lang='lat' dir='ltr'>casu</span> <span class='ocrx_word' id='word_1_575' title='bbox 2358 4069 2541 4139; x_wconf 84' lang='lat' dir='ltr'>aliquo</span> <span class='ocrx_word' id='word_1_576' title='bbox 2564 4067 2844 4125; x_wconf 75' lang='lat' dir='ltr'>confracta</span> <span class='ocrx_word' id='word_1_577' title='bbox 2874 4067 3140 4133; x_wconf 86' lang='lat' dir='ltr'>membra,</span> <span class='ocrx_word' id='word_1_578' title='bbox 3161 4075 3404 4123; x_wconf 80' lang='lat' dir='ltr'>vestrum</span> <span class='ocrx_word' id='word_1_579' title='bbox 3454 4081 3557 4120; x_wconf 81' lang='lat' dir='ltr'>au·</span> 
     </span>
     <span class='ocr_line' id='line_1_86' title="bbox 1974 4159 3569 4234; baseline -0.003 -14"><span class='ocrx_word' id='word_1_580' title='bbox 1974 4164 2162 4220; x_wconf 80' lang='lat' dir='ltr'>xiiiutn</span> <span class='ocrx_word' id='word_1_581' title='bbox 2226 4165 2464 4231; x_wconf 80' lang='lat' dir='ltr'>invocat,</span> <span class='ocrx_word' id='word_1_582' title='bbox 2514 4162 2658 4234; x_wconf 84' lang='lat' dir='ltr'>quod</span> <span class='ocrx_word' id='word_1_583' title='bbox 2705 4172 2759 4218; x_wconf 91' lang='lat' dir='ltr'><strong>et</strong></span> <span class='ocrx_word' id='word_1_584' title='bbox 2822 4169 3039 4231; x_wconf 84' lang='lat' dir='ltr'>coaptet</span> <span class='ocrx_word' id='word_1_585' title='bbox 3112 4159 3569 4229; x_wconf 52' lang='lat' dir='ltr'>committatque„</span> 
     </span>
     <span class='ocr_line' id='line_1_87' title="bbox 1972 4250 3563 4327; baseline -0.003 -16"><span class='ocrx_word' id='word_1_586' title='bbox 1972 4255 2231 4327; x_wconf 80' lang='lat' dir='ltr'>Quisquis</span> <span class='ocrx_word' id='word_1_587' title='bbox 2269 4256 2452 4325; x_wconf 88' lang='lat' dir='ltr'>itaque</span> <span class='ocrx_word' id='word_1_588' title='bbox 2475 4252 2663 4310; x_wconf 91' lang='lat' dir='ltr'>multis</span> <span class='ocrx_word' id='word_1_589' title='bbox 2684 4251 2988 4309; x_wconf 88' lang='lat' dir='ltr'>morbidum</span> <span class='ocrx_word' id='word_1_590' title='bbox 3015 4250 3394 4308; x_wconf 77' lang='lat' dir='ltr'>allectionibus</span> <span class='ocrx_word' id='word_1_591' title='bbox 3437 4266 3563 4308; x_wconf 81' lang='lat' dir='ltr'>cor-</span> 
     </span>
     <span class='ocr_line' id='line_1_88' title="bbox 1974 4343 3555 4420; baseline -0.004 -16"><span class='ocrx_word' id='word_1_592' title='bbox 1974 4365 2077 4420; x_wconf 84' lang='lat' dir='ltr'><strong>pus</strong></span> <span class='ocrx_word' id='word_1_593' title='bbox 2089 4358 2285 4419; x_wconf 84' lang='lat' dir='ltr'>gestat,</span> <span class='ocrx_word' id='word_1_594' title='bbox 2314 4348 2541 4419; x_wconf 81' lang='lat' dir='ltr'>ejusque</span> <span class='ocrx_word' id='word_1_595' title='bbox 2566 4354 2782 4402; x_wconf 87' lang='lat' dir='ltr'>tenetur</span> <span class='ocrx_word' id='word_1_596' title='bbox 2804 4344 3139 4402; x_wconf 86' lang='lat' dir='ltr'>constrictus</span> <span class='ocrx_word' id='word_1_597' title='bbox 3168 4343 3555 4415; x_wconf 73' lang='lat' dir='ltr'>languoribus,</span> 
     </span>
     <span class='ocr_line' id='line_1_89' title="bbox 1976 4434 3561 4512; baseline -0.005 -15"><span class='ocrx_word' id='word_1_598' title='bbox 1976 4457 2074 4512; x_wconf 84' lang='lat' dir='ltr'><strong>per</strong></span> <span class='ocrx_word' id='word_1_599' title='bbox 2105 4455 2221 4510; x_wconf 72' lang='lat' dir='ltr'>vos,</span> <span class='ocrx_word' id='word_1_600' title='bbox 2251 4440 2523 4511; x_wconf 79' lang='lat' dir='ltr'>praebente</span> <span class='ocrx_word' id='word_1_601' title='bbox 2559 4436 2761 4494; x_wconf 82' lang='lat' dir='ltr'>Christi</span> <span class='ocrx_word' id='word_1_602' title='bbox 2797 4436 3217 4511; x_wconf 76' lang='lat' dir='ltr'>benignitate,·‚a</span> <span class='ocrx_word' id='word_1_603' title='bbox 3245 4434 3407 4492; x_wconf 82' lang='lat' dir='ltr'>malis</span> <span class='ocrx_word' id='word_1_604' title='bbox 3438 4435 3561 4507; x_wconf 76' lang='lat' dir='ltr'>qui·</span> 
     </span>
    </p>
   </div>
   <div class='ocr_carea' id='block_1_15' title="bbox 288 4526 2941 4609">
    <p class='ocr_par' dir='ltr' id='par_1_18' title="bbox 288 4526 2941 4609">
     <span class='ocr_line' id='line_1_90' title="bbox 288 4526 2941 4609; baseline 0.002 -26"><span class='ocrx_word' id='word_1_605' title='bbox 288 4527 403 4583; x_wconf 86' lang='grc' dir='ltr'><strong>τῶν</strong></span> <span class='ocrx_word' id='word_1_606' title='bbox 434 4526 774 4602; x_wconf 82' lang='grc' dir='ltr'><strong>συνεχόντων</strong></span> <span class='ocrx_word' id='word_1_607' title='bbox 821 4527 890 4582; x_wconf 85' lang='grc' dir='ltr'><strong>δι’</strong></span> <span class='ocrx_word' id='word_1_608' title='bbox 940 4527 1097 4600; x_wconf 78' lang='grc' dir='ltr'><strong>ὑμῶν</strong></span> <span class='ocrx_word' id='word_1_609' title='bbox 1131 4527 1322 4584; x_wconf 78' lang='grc' dir='ltr'><strong>λαδεῐν</strong></span> <span class='ocrx_word' id='word_1_610' title='bbox 1371 4531 1577 4599; x_wconf 73' lang='grc' dir='ltr'><strong>ἐξαιτεῖ</strong></span> <span class='ocrx_word' id='word_1_611' title='bbox 1623 4531 1725 4605; x_wconf 80' lang='grc' dir='ltr'><strong>τὴν</strong></span> <span class='ocrx_word' id='word_1_612' title='bbox 1779 4531 1874 4587; x_wconf 77' lang='grc' dir='ltr'><strong>λύ·</strong></span> <span class='ocrx_word' id='word_1_613' title='bbox 1907 4551 1950 4609; x_wconf 77' lang='lat'><strong>1)</strong></span> <span class='ocrx_word' id='word_1_614' title='bbox 1977 4535 2081 4593; x_wconf 82' lang='lat' dir='ltr'><strong>bus</strong></span> <span class='ocrx_word' id='word_1_615' title='bbox 2109 4544 2347 4601; x_wconf 83' lang='lat' dir='ltr'>tenetur,</span> <span class='ocrx_word' id='word_1_616' title='bbox 2383 4531 2604 4589; x_wconf 81' lang='lat' dir='ltr'>liberari</span> <span class='ocrx_word' id='word_1_617' title='bbox 2635 4528 2941 4604; x_wconf 61' lang='lat' dir='ltr'>efflagitat„</span> 
     </span>
    </p>
   </div>
   <div class='ocr_carea' id='block_1_16' title="bbox 290 4636 522 4695">
    <p class='ocr_par' dir='ltr' id='par_1_19' title="bbox 290 4636 522 4695">
     <span class='ocr_line' id='line_1_91' title="bbox 290 4636 522 4695; baseline 0.009 -20"><span class='ocrx_word' id='word_1_618' title='bbox 290 4636 522 4695; x_wconf 87' lang='grc' dir='ltr'><strong>τρωσιν.</strong></span> 
     </span>
    </p>
   </div>
   <div class='ocr_carea' id='block_1_17' title="bbox 293 4704 1876 5886">
    <p class='ocr_par' dir='ltr' id='par_1_20' title="bbox 293 4704 1876 5886">
     <span class='ocr_line' id='line_1_92' title="bbox 377 4704 1875 4783; baseline 0.005 -20"><span class='ocrx_word' id='word_1_619' title='bbox 377 4709 604 4782; x_wconf 74' lang='grc' dir='ltr'><strong>Ἰλαρῶς</strong></span> <span class='ocrx_word' id='word_1_620' title='bbox 632 4704 727 4764; x_wconf 73' lang='grc' dir='ltr'><strong>οὖν</strong></span> <span class='ocrx_word' id='word_1_621' title='bbox 757 4710 878 4776; x_wconf 76' lang='grc' dir='ltr'><strong>ταῖς</strong></span> <span class='ocrx_word' id='word_1_622' title='bbox 907 4710 1018 4765; x_wconf 81' lang='grc' dir='ltr'><strong>τῶν</strong></span> <span class='ocrx_word' id='word_1_623' title='bbox 1045 4710 1323 4783; x_wconf 79' lang='grc' dir='ltr'><strong>δεομένων</strong></span> <span class='ocrx_word' id='word_1_624' title='bbox 1374 4712 1723 4779; x_wconf 79' lang='grc' dir='ltr'><strong>ἐπινεύοντες</strong></span> <span class='ocrx_word' id='word_1_625' title='bbox 1755 4715 1875 4770; x_wconf 84' lang='grc' dir='ltr'><strong>ἱκε-</strong></span> 
     </span>
     <span class='ocr_line' id='line_1_93' title="bbox 294 4800 1875 4876; baseline 0.004 -21"><span class='ocrx_word' id='word_1_626' title='bbox 294 4800 444 4866; x_wconf 85' lang='grc' dir='ltr'><strong>σίαις</strong></span> <span class='ocrx_word' id='word_1_627' title='bbox 488 4800 668 4876; x_wconf 86' lang='grc' dir='ltr'><strong>(τοῦτο</strong></span> <span class='ocrx_word' id='word_1_628' title='bbox 695 4801 808 4874; x_wconf 86' lang='grc' dir='ltr'><strong>γὰρ</strong></span> <span class='ocrx_word' id='word_1_629' title='bbox 843 4801 998 4873; x_wconf 80' lang='grc' dir='ltr'><strong>ὑμῶν</strong></span> <span class='ocrx_word' id='word_1_630' title='bbox 1043 4804 1145 4874; x_wconf 79' lang='grc' dir='ltr'><strong>μέν</strong></span> <span class='ocrx_word' id='word_1_631' title='bbox 1181 4803 1476 4861; x_wconf 79' lang='grc' dir='ltr'><strong>ίδιαίτατον</strong></span> <span class='ocrx_word' id='word_1_632' title='bbox 1501 4846 1519 4873; x_wconf 94' lang='grc'><strong>,</strong></span> <span class='ocrx_word' id='word_1_633' title='bbox 1551 4806 1658 4861; x_wconf 83' lang='grc' dir='ltr'><strong>τῶν</strong></span> <span class='ocrx_word' id='word_1_634' title='bbox 1688 4808 1875 4862; x_wconf 75' lang='grc' dir='ltr'><strong>αἰτου-</strong></span> 
     </span>
     <span class='ocr_line' id='line_1_94' title="bbox 296 4892 1875 4971; baseline 0.003 -23"><span class='ocrx_word' id='word_1_635' title='bbox 296 4893 479 4966; x_wconf 70' lang='grc' dir='ltr'><strong>μένων</strong></span> <span class='ocrx_word' id='word_1_636' title='bbox 523 4892 573 4948; x_wconf 74' lang='grc' dir='ltr'><strong>δ’</strong></span> <span class='ocrx_word' id='word_1_637' title='bbox 630 4892 784 4957; x_wconf 69' lang='grc' dir='ltr'><strong>ἐλπὶς</strong></span> <span class='ocrx_word' id='word_1_638' title='bbox 817 4893 1234 4968; x_wconf 78' lang='grc' dir='ltr'><strong>ἀνυπέρθετος),</strong></span> <span class='ocrx_word' id='word_1_639' title='bbox 1277 4896 1378 4961; x_wconf 72' lang='grc' dir='ltr'><strong>τὰς</strong></span> <span class='ocrx_word' id='word_1_640' title='bbox 1443 4899 1875 4971; x_wconf 68' lang='grc' dir='ltr'><strong>προτεινομένας</strong></span> 
     </span>
     <span class='ocr_line' id='line_1_95' title="bbox 295 4982 1870 5060; baseline 0.004 -23"><span class='ocrx_word' id='word_1_641' title='bbox 295 4982 630 5057; x_wconf 76' lang='grc' dir='ltr'><strong>πληρώσατε</strong></span> <span class='ocrx_word' id='word_1_642' title='bbox 645 4982 865 5056; x_wconf 78' lang='grc' dir='ltr'><strong>δεήσεις</strong></span> <span class='ocrx_word' id='word_1_643' title='bbox 883 5001 899 5019; x_wconf 91' lang='grc'><strong>·</strong></span> <span class='ocrx_word' id='word_1_644' title='bbox 917 4986 1387 5058; x_wconf 81' lang='grc' dir='ltr'><strong>πυρπολουμένων</strong></span> <span class='ocrx_word' id='word_1_645' title='bbox 1405 4988 1641 5043; x_wconf 77' lang='grc' dir='ltr'><strong>σδέσατε</strong></span> <span class='ocrx_word' id='word_1_646' title='bbox 1660 4989 1835 5060; x_wconf 87' lang='grc' dir='ltr'><strong>φλόγα</strong></span> <span class='ocrx_word' id='word_1_647' title='bbox 1854 5005 1870 5022; x_wconf 92' lang='grc'><strong>·</strong></span> 
     </span>
     <span class='ocr_line' id='line_1_96' title="bbox 295 5076 1874 5152; baseline 0.001 -17"><span class='ocrx_word' id='word_1_648' title='bbox 295 5078 609 5150; x_wconf 78' lang='grc' dir='ltr'><strong>κοιμήσατε</strong></span> <span class='ocrx_word' id='word_1_649' title='bbox 643 5076 847 5141; x_wconf 90' lang='grc' dir='ltr'><strong>πόνους</strong></span> <span class='ocrx_word' id='word_1_650' title='bbox 885 5076 1309 5149; x_wconf 80' lang='grc' dir='ltr'><strong>ἀγριαίνοντας·</strong></span> <span class='ocrx_word' id='word_1_651' title='bbox 1347 5079 1486 5152; x_wconf 83' lang='grc' dir='ltr'><strong>μέλη</strong></span> <span class='ocrx_word' id='word_1_652' title='bbox 1521 5079 1874 5152; x_wconf 83' lang='grc' dir='ltr'><strong>παρειμένων</strong></span> 
     </span>
     <span class='ocr_line' id='line_1_97' title="bbox 293 5167 1875 5244; baseline 0.003 -18"><span class='ocrx_word' id='word_1_653' title='bbox 293 5167 654 5242; x_wconf 81' lang='grc' dir='ltr'><strong>ἀνορθώσατε</strong></span> <span class='ocrx_word' id='word_1_654' title='bbox 670 5186 686 5203; x_wconf 93' lang='grc'><strong>·</strong></span> <span class='ocrx_word' id='word_1_655' title='bbox 713 5168 954 5241; x_wconf 79' lang='grc' dir='ltr'><strong>ἀθυμίαν</strong></span> <span class='ocrx_word' id='word_1_656' title='bbox 977 5169 1287 5241; x_wconf 79' lang='grc' dir='ltr'><strong>ἀνακλήσει</strong></span> <span class='ocrx_word' id='word_1_657' title='bbox 1308 5174 1408 5243; x_wconf 78' lang='grc' dir='ltr'><strong>τῆς</strong></span> <span class='ocrx_word' id='word_1_658' title='bbox 1430 5171 1701 5244; x_wconf 73' lang='grc' dir='ltr'><strong>εὐθυμίας</strong></span> <span class='ocrx_word' id='word_1_659' title='bbox 1739 5176 1875 5230; x_wconf 87' lang='grc' dir='ltr'><strong>ἀπο-</strong></span> 
     </span>
     <span class='ocr_line' id='line_1_98' title="bbox 303 5259 1869 5337; baseline 0.004 -21"><span class='ocrx_word' id='word_1_660' title='bbox 303 5261 612 5335; x_wconf 74' lang='grc' dir='ltr'><strong>σοὸήσατε·</strong></span> <span class='ocrx_word' id='word_1_661' title='bbox 657 5259 882 5325; x_wconf 87' lang='grc' dir='ltr'><strong>ἐλπίδας</strong></span> <span class='ocrx_word' id='word_1_662' title='bbox 924 5263 1390 5337; x_wconf 79' lang='grc' dir='ltr'><strong>ἀπηγορευμένας</strong></span> <span class='ocrx_word' id='word_1_663' title='bbox 1423 5266 1869 5323; x_wconf 82' lang='grc' dir='ltr'><strong>ἀνακαλέσασθε·</strong></span> 
     </span>
     <span class='ocr_line' id='line_1_99' title="bbox 295 5353 1876 5427; baseline 0.004 -18"><span class='ocrx_word' id='word_1_664' title='bbox 295 5354 712 5426; x_wconf 71' lang='grc' dir='ltr'><strong>νενεκρωμένας</strong></span> <span class='ocrx_word' id='word_1_665' title='bbox 731 5353 1207 5427; x_wconf 77' lang='grc' dir='ltr'><strong>ἀναζωπυρήσατε</strong></span> <span class='ocrx_word' id='word_1_666' title='bbox 1236 5358 1590 5427; x_wconf 78' lang='grc' dir='ltr'><strong>προσδοκίας.</strong></span> <span class='ocrx_word' id='word_1_667' title='bbox 1611 5361 1685 5415; x_wconf 80' lang='grc' dir='ltr'><strong>Τὸ</strong></span> <span class='ocrx_word' id='word_1_668' title='bbox 1713 5361 1876 5416; x_wconf 81' lang='grc' dir='ltr'><strong>ἀσθε-</strong></span> 
     </span>
     <span class='ocr_line' id='line_1_100' title="bbox 298 5443 1874 5521; baseline 0.004 -21"><span class='ocrx_word' id='word_1_669' title='bbox 298 5443 387 5508; x_wconf 63' lang='lat' dir='ltr'><strong>vt&lt;</strong></span> <span class='ocrx_word' id='word_1_670' title='bbox 415 5445 518 5501; x_wconf 77' lang='grc' dir='ltr'><strong>οὐκ</strong></span> <span class='ocrx_word' id='word_1_671' title='bbox 568 5448 815 5513; x_wconf 80' lang='grc' dir='ltr'><strong>ἀγνοεῖτε</strong></span> <span class='ocrx_word' id='word_1_672' title='bbox 849 5446 950 5515; x_wconf 81' lang='grc' dir='ltr'><strong>τῆς</strong></span> <span class='ocrx_word' id='word_1_673' title='bbox 979 5444 1224 5517; x_wconf 82' lang='grc' dir='ltr'><strong>φύσεως,</strong></span> <span class='ocrx_word' id='word_1_674' title='bbox 1260 5448 1322 5501; x_wconf 87' lang='grc' dir='ltr'><strong>οὐ</strong></span> <span class='ocrx_word' id='word_1_675' title='bbox 1381 5447 1545 5520; x_wconf 81' lang='grc' dir='ltr'><strong>μόνον</strong></span> <span class='ocrx_word' id='word_1_676' title='bbox 1597 5450 1674 5515; x_wconf 83' lang='grc' dir='ltr'><strong>ὡς</strong></span> <span class='ocrx_word' id='word_1_677' title='bbox 1705 5469 1874 5521; x_wconf 80' lang='grc' dir='ltr'><strong>μετα·</strong></span> 
     </span>
     <span class='ocr_line' id='line_1_101' title="bbox 301 5535 1872 5612; baseline 0.004 -22"><span class='ocrx_word' id='word_1_678' title='bbox 301 5535 526 5608; x_wconf 87' lang='grc' dir='ltr'><strong>σχόντες</strong></span> <span class='ocrx_word' id='word_1_679' title='bbox 556 5536 766 5609; x_wconf 84' lang='grc' dir='ltr'><strong>ταύτης</strong></span> <span class='ocrx_word' id='word_1_680' title='bbox 788 5552 805 5571; x_wconf 94' lang='grc'><strong>·</strong></span> <span class='ocrx_word' id='word_1_681' title='bbox 831 5535 972 5592; x_wconf 80' lang='grc' dir='ltr'><strong>ἀλλὰ</strong></span> <span class='ocrx_word' id='word_1_682' title='bbox 1005 5538 1101 5593; x_wconf 72' lang='grc' dir='ltr'><strong>καὶ</strong></span> <span class='ocrx_word' id='word_1_683' title='bbox 1124 5536 1200 5601; x_wconf 85' lang='grc' dir='ltr'><strong>ώς</strong></span> <span class='ocrx_word' id='word_1_684' title='bbox 1224 5537 1413 5594; x_wconf 84' lang='grc' dir='ltr'><strong>θεόθεν</strong></span> <span class='ocrx_word' id='word_1_685' title='bbox 1441 5540 1872 5612; x_wconf 80' lang='grc' dir='ltr'><strong>ἐλλαμφθέντες,</strong></span> 
     </span>
     <span class='ocr_line' id='line_1_102' title="bbox 297 5627 1875 5702; baseline 0.003 -20"><span class='ocrx_word' id='word_1_686' title='bbox 297 5628 396 5682; x_wconf 75' lang='grc' dir='ltr'><strong>καὶ</strong></span> <span class='ocrx_word' id='word_1_687' title='bbox 442 5627 581 5698; x_wconf 67' lang='grc' dir='ltr'><strong>αὐτῇ</strong></span> <span class='ocrx_word' id='word_1_688' title='bbox 638 5627 828 5700; x_wconf 75' lang='grc' dir='ltr'><strong>πείρᾳ,</strong></span> <span class='ocrx_word' id='word_1_689' title='bbox 881 5628 992 5682; x_wconf 85' lang='grc' dir='ltr'><strong>τῶν</strong></span> <span class='ocrx_word' id='word_1_690' title='bbox 1041 5627 1214 5698; x_wconf 80' lang='grc' dir='ltr'><strong>αὐτῆς</strong></span> <span class='ocrx_word' id='word_1_691' title='bbox 1266 5630 1370 5698; x_wconf 76' lang='grc' dir='ltr'><strong>μέν</strong></span> <span class='ocrx_word' id='word_1_692' title='bbox 1423 5632 1875 5702; x_wconf 79' lang='grc' dir='ltr'><strong>κοινωνησάντων</strong></span> 
     </span>
     <span class='ocr_line' id='line_1_103' title="bbox 301 5716 1873 5796; baseline 0.003 -25"><span class='ocrx_word' id='word_1_693' title='bbox 301 5717 522 5772; x_wconf 82' lang='grc' dir='ltr'><strong>κακῶν·</strong></span> <span class='ocrx_word' id='word_1_694' title='bbox 554 5717 623 5772; x_wconf 83' lang='grc' dir='ltr'><strong>δι’</strong></span> <span class='ocrx_word' id='word_1_695' title='bbox 654 5717 810 5790; x_wconf 76' lang='grc' dir='ltr'><strong>ὑμῶν</strong></span> <span class='ocrx_word' id='word_1_696' title='bbox 836 5717 881 5772; x_wconf 71' lang='grc' dir='ltr'><strong>δ’</strong></span> <span class='ocrx_word' id='word_1_697' title='bbox 915 5716 1339 5787; x_wconf 82' lang='grc' dir='ltr'><strong>ἀπαλλαγέντων</strong></span> <span class='ocrx_word' id='word_1_698' title='bbox 1364 5718 1463 5790; x_wconf 84' lang='grc' dir='ltr'><strong>τῆς</strong></span> <span class='ocrx_word' id='word_1_699' title='bbox 1489 5720 1701 5776; x_wconf 88' lang='grc' dir='ltr'><strong>τούτων</strong></span> <span class='ocrx_word' id='word_1_700' title='bbox 1733 5724 1873 5796; x_wconf 82' lang='grc' dir='ltr'><strong>ἐπη-</strong></span> 
     </span>
     <span class='ocr_line' id='line_1_104' title="bbox 307 5807 1868 5886; baseline 0.004 -23"><span class='ocrx_word' id='word_1_701' title='bbox 307 5808 495 5882; x_wconf 71' lang='grc' dir='ltr'><strong>ρείας,</strong></span> <span class='ocrx_word' id='word_1_702' title='bbox 538 5809 874 5884; x_wconf 75' lang='grc' dir='ltr'><strong>σπλάγχνοις</strong></span> <span class='ocrx_word' id='word_1_703' title='bbox 930 5807 1366 5884; x_wconf 78' lang='grc' dir='ltr'><strong>φιλανθρωπίας,</strong></span> <span class='ocrx_word' id='word_1_704' title='bbox 1407 5810 1500 5865; x_wconf 69' lang='grc' dir='ltr'><strong>καὶ</strong></span> <span class='ocrx_word' id='word_1_705' title='bbox 1559 5811 1868 5886; x_wconf 73' lang='grc' dir='ltr'><strong>ἐπισκέψει.</strong></span> 
     </span>
    </p>
   </div>
   <div class='ocr_carea' id='block_1_18' title="bbox 1973 4706 3563 5795">
    <p class='ocr_par' dir='ltr' id='par_1_21' title="bbox 1973 4706 3563 5795">
     <span class='ocr_line' id='line_1_105' title="bbox 2047 4706 3563 4792; baseline -0.011 -15"><span class='ocrx_word' id='word_1_706' title='bbox 2047 4720 2262 4778; x_wconf 71' lang='lat' dir='ltr'>altares</span> <span class='ocrx_word' id='word_1_707' title='bbox 2283 4720 2467 4792; x_wconf 82' lang='lat' dir='ltr'>itaque</span> <span class='ocrx_word' id='word_1_708' title='bbox 2495 4716 2799 4790; x_wconf 78' lang='lat' dir='ltr'>supplicum</span> <span class='ocrx_word' id='word_1_709' title='bbox 2832 4715 2974 4771; x_wconf 84' lang='lat' dir='ltr'>votis</span> <span class='ocrx_word' id='word_1_710' title='bbox 3000 4716 3305 4768; x_wconf 84' lang='lat' dir='ltr'>annuentes</span> <span class='ocrx_word' id='word_1_711' title='bbox 3335 4706 3563 4780; x_wconf 80' lang='lat' dir='ltr'>(quippe</span> 
     </span>
     <span class='ocr_line' id='line_1_106' title="bbox 1974 4800 3562 4885; baseline -0.013 -13"><span class='ocrx_word' id='word_1_712' title='bbox 1974 4817 2079 4879; x_wconf 84' lang='lat' dir='ltr'>boc</span> <span class='ocrx_word' id='word_1_713' title='bbox 2124 4830 2246 4871; x_wconf 84' lang='lat' dir='ltr'>cum</span> <span class='ocrx_word' id='word_1_714' title='bbox 2301 4814 2492 4885; x_wconf 80' lang='lat' dir='ltr'>pritnls</span> <span class='ocrx_word' id='word_1_715' title='bbox 2537 4810 2811 4882; x_wconf 81' lang='lat' dir='ltr'>peculiare</span> <span class='ocrx_word' id='word_1_716' title='bbox 2849 4804 3095 4871; x_wconf 85' lang='lat' dir='ltr'>habetis;</span> <span class='ocrx_word' id='word_1_717' title='bbox 3139 4800 3414 4870; x_wconf 82' lang='lat' dir='ltr'>habetque</span> <span class='ocrx_word' id='word_1_718' title='bbox 3473 4800 3562 4855; x_wconf 85' lang='lat' dir='ltr'><strong>in-</strong></span> 
     </span>
     <span class='ocr_line' id='line_1_107' title="bbox 1975 4892 3555 4972; baseline -0.014 -8"><span class='ocrx_word' id='word_1_719' title='bbox 1975 4915 2299 4964; x_wconf 81' lang='lat' dir='ltr'>cunctanter</span> <span class='ocrx_word' id='word_1_720' title='bbox 2320 4907 2602 4961; x_wconf 85' lang='lat' dir='ltr'>orantium</span> <span class='ocrx_word' id='word_1_721' title='bbox 2635 4899 2783 4972; x_wconf 87' lang='lat' dir='ltr'>spes)</span> <span class='ocrx_word' id='word_1_722' title='bbox 2808 4917 2824 4955; x_wconf 76' lang='grc' dir='ltr'><strong>ι</strong></span> <span class='ocrx_word' id='word_1_723' title='bbox 2852 4895 3074 4969; x_wconf 87' lang='lat' dir='ltr'>implete</span> <span class='ocrx_word' id='word_1_724' title='bbox 3094 4892 3307 4949; x_wconf 84' lang='lat' dir='ltr'>oblatas</span> <span class='ocrx_word' id='word_1_725' title='bbox 3321 4904 3514 4959; x_wconf 82' lang='lat' dir='ltr'>preces</span> <span class='ocrx_word' id='word_1_726' title='bbox 3536 4905 3555 4955; x_wconf 79' lang='grc' dir='ltr'><strong>ς</strong></span> 
     </span>
     <span class='ocr_line' id='line_1_108' title="bbox 1973 4986 3561 5063; baseline -0.013 -8"><span class='ocrx_word' id='word_1_727' title='bbox 1973 4998 2319 5055; x_wconf 81' lang='lat' dir='ltr'>aeatuantinm</span> <span class='ocrx_word' id='word_1_728' title='bbox 2340 4996 2565 5053; x_wconf 84' lang='lat' dir='ltr'>ardores</span> <span class='ocrx_word' id='word_1_729' title='bbox 2587 4992 2955 5063; x_wconf 54' lang='lat' dir='ltr'>exsanguium</span> <span class='ocrx_word' id='word_1_730' title='bbox 2998 4986 3187 5045; x_wconf 77' lang='lat' dir='ltr'>sedate</span> <span class='ocrx_word' id='word_1_731' title='bbox 3207 4989 3561 5053; x_wconf 78' lang='lat' dir='ltr'>exasperatos</span> 
     </span>
     <span class='ocr_line' id='line_1_109' title="bbox 1975 5075 3556 5159; baseline -0.014 -11"><span class='ocrx_word' id='word_1_732' title='bbox 1975 5088 2507 5159; x_wconf 71' lang='lat' dir='ltr'>dolores3dissoluta</span> <span class='ocrx_word' id='word_1_733' title='bbox 2574 5085 2817 5141; x_wconf 83' lang='lat' dir='ltr'>membra</span> <span class='ocrx_word' id='word_1_734' title='bbox 2863 5083 3203 5144; x_wconf 75' lang='lat' dir='ltr'>instaurate3</span> <span class='ocrx_word' id='word_1_735' title='bbox 3245 5075 3413 5131; x_wconf 81' lang='lat' dir='ltr'>animi</span> <span class='ocrx_word' id='word_1_736' title='bbox 3454 5090 3556 5128; x_wconf 85' lang='lat' dir='ltr'><strong>an·</strong></span> 
     </span>
     <span class='ocr_line' id='line_1_110' title="bbox 1975 5166 3554 5250; baseline -0.013 -15"><span class='ocrx_word' id='word_1_737' title='bbox 1975 5193 2161 5250; x_wconf 72' lang='lat' dir='ltr'>got-ent</span> <span class='ocrx_word' id='word_1_738' title='bbox 2204 5185 2458 5233; x_wconf 66' lang='lat' dir='ltr'>revocata</span> <span class='ocrx_word' id='word_1_739' title='bbox 2512 5172 2700 5231; x_wconf 71' lang='lat' dir='ltr'>laetitia</span> <span class='ocrx_word' id='word_1_740' title='bbox 2748 5172 3101 5236; x_wconf 73' lang='lat' dir='ltr'>submovete3</span> <span class='ocrx_word' id='word_1_741' title='bbox 3135 5182 3259 5239; x_wconf 85' lang='lat' dir='ltr'>spes</span> <span class='ocrx_word' id='word_1_742' title='bbox 3310 5166 3554 5236; x_wconf 61' lang='lat' dir='ltr'>abjectu</span> 
     </span>
     <span class='ocr_line' id='line_1_111' title="bbox 1978 5259 3553 5340; baseline -0.008 -18"><span class='ocrx_word' id='word_1_743' title='bbox 1978 5277 2267 5340; x_wconf 83' lang='lat' dir='ltr'>reparate;</span> <span class='ocrx_word' id='word_1_744' title='bbox 2342 5275 2620 5322; x_wconf 86' lang='lat' dir='ltr'>emortuas</span> <span class='ocrx_word' id='word_1_745' title='bbox 2692 5260 3133 5333; x_wconf 78' lang='lat' dir='ltr'>exspectationes</span> <span class='ocrx_word' id='word_1_746' title='bbox 3195 5259 3553 5315; x_wconf 78' lang='lat' dir='ltr'>exsuscitate.</span> 
     </span>
     <span class='ocr_line' id='line_1_112' title="bbox 1975 5347 3557 5421; baseline -0.008 -7"><span class='ocrx_word' id='word_1_747' title='bbox 1975 5358 2094 5414; x_wconf 80' lang='lat' dir='ltr'>Non</span> <span class='ocrx_word' id='word_1_748' title='bbox 2122 5358 2341 5413; x_wconf 86' lang='lat' dir='ltr'>nescitis</span> <span class='ocrx_word' id='word_1_749' title='bbox 2370 5357 2791 5413; x_wconf 85' lang='lat' dir='ltr'>imbecillitatem</span> <span class='ocrx_word' id='word_1_750' title='bbox 2822 5351 3260 5417; x_wconf 81' lang='lat' dir='ltr'>natnrae,nedutn</span> <span class='ocrx_word' id='word_1_751' title='bbox 3287 5356 3414 5421; x_wconf 78' lang='lat' dir='ltr'>quia</span> <span class='ocrx_word' id='word_1_752' title='bbox 3440 5347 3557 5418; x_wconf 84' lang='lat' dir='ltr'>ejus</span> 
     </span>
     <span class='ocr_line' id='line_1_113' title="bbox 1975 5439 3555 5522; baseline -0.009 -14"><span class='ocrx_word' id='word_1_753' title='bbox 1975 5456 2032 5508; x_wconf 86' lang='lat' dir='ltr'><strong>et</strong></span> <span class='ocrx_word' id='word_1_754' title='bbox 2060 5450 2160 5522; x_wconf 86' lang='lat' dir='ltr'>ipsi</span> <span class='ocrx_word' id='word_1_755' title='bbox 2190 5451 2310 5506; x_wconf 84' lang='lat' dir='ltr'>sitis</span> <span class='ocrx_word' id='word_1_756' title='bbox 2338 5448 2653 5519; x_wconf 86' lang='lat' dir='ltr'>participes,</span> <span class='ocrx_word' id='word_1_757' title='bbox 2683 5460 2871 5501; x_wconf 80' lang='lat' dir='ltr'>verutn</span> <span class='ocrx_word' id='word_1_758' title='bbox 2909 5443 3075 5499; x_wconf 85' lang='lat' dir='ltr'>etiam</span> <span class='ocrx_word' id='word_1_759' title='bbox 3109 5443 3235 5513; x_wconf 82' lang='lat' dir='ltr'>quia</span> <span class='ocrx_word' id='word_1_760' title='bbox 3266 5439 3555 5497; x_wconf 73' lang='lat' dir='ltr'>illuminati</span> 
     </span>
     <span class='ocr_line' id='line_1_114' title="bbox 1977 5533 3557 5609; baseline -0.007 -13"><span class='ocrx_word' id='word_1_761' title='bbox 1977 5556 2007 5596; x_wconf 87' lang='lat' dir='ltr'><strong>a</strong></span> <span class='ocrx_word' id='word_1_762' title='bbox 2042 5539 2152 5596; x_wconf 83' lang='lat' dir='ltr'><strong>Deo</strong></span> <span class='ocrx_word' id='word_1_763' title='bbox 2206 5537 2441 5604; x_wconf 74' lang='lat' dir='ltr'>fueritis,</span> <span class='ocrx_word' id='word_1_764' title='bbox 2470 5538 2698 5609; x_wconf 81' lang='lat' dir='ltr'>ipsaque</span> <span class='ocrx_word' id='word_1_765' title='bbox 2754 5536 2891 5592; x_wconf 88' lang='lat' dir='ltr'>adeo</span> <span class='ocrx_word' id='word_1_766' title='bbox 2950 5533 3310 5604; x_wconf 77' lang='lat' dir='ltr'>experientia,</span> <span class='ocrx_word' id='word_1_767' title='bbox 3342 5534 3557 5601; x_wconf 85' lang='lat' dir='ltr'>impen-</span> 
     </span>
     <span class='ocr_line' id='line_1_115' title="bbox 1976 5625 3547 5688; baseline -0.007 0"><span class='ocrx_word' id='word_1_768' title='bbox 1976 5634 2142 5688; x_wconf 81' lang='lat' dir='ltr'>sioris</span> <span class='ocrx_word' id='word_1_769' title='bbox 2170 5631 2315 5688; x_wconf 84' lang='lat' dir='ltr'>illius</span> <span class='ocrx_word' id='word_1_770' title='bbox 2367 5629 2723 5686; x_wconf 80' lang='lat' dir='ltr'>humanitatis</span> <span class='ocrx_word' id='word_1_771' title='bbox 2776 5626 3099 5687; x_wconf 75' lang='lat' dir='ltr'>visceribus.</span> <span class='ocrx_word' id='word_1_772' title='bbox 3133 5641 3196 5679; x_wconf 80' lang='lat' dir='ltr'><strong>ac</strong></span> <span class='ocrx_word' id='word_1_773' title='bbox 3227 5640 3415 5679; x_wconf 83' lang='lat' dir='ltr'>eornm</span> <span class='ocrx_word' id='word_1_774' title='bbox 3469 5625 3547 5677; x_wconf 85' lang='lat' dir='ltr'>iu·</span> 
     </span>
     <span class='ocr_line' id='line_1_116' title="bbox 1977 5716 3555 5795; baseline -0.01 -14"><span class='ocrx_word' id='word_1_775' title='bbox 1977 5723 2274 5795; x_wconf 72' lang='lat' dir='ltr'>spectione,</span> <span class='ocrx_word' id='word_1_776' title='bbox 2305 5723 2397 5794; x_wconf 81' lang='lat' dir='ltr'><strong>qui</strong></span> <span class='ocrx_word' id='word_1_777' title='bbox 2430 5722 2549 5794; x_wconf 79' lang='lat' dir='ltr'>ejus</span> <span class='ocrx_word' id='word_1_778' title='bbox 2583 5720 2800 5792; x_wconf 86' lang='lat' dir='ltr'>quidem</span> <span class='ocrx_word' id='word_1_779' title='bbox 2854 5717 3117 5774; x_wconf 84' lang='lat' dir='ltr'>malornm</span> <span class='ocrx_word' id='word_1_780' title='bbox 3156 5716 3371 5772; x_wconf 80' lang='lat' dir='ltr'>inerunt</span> <span class='ocrx_word' id='word_1_781' title='bbox 3395 5717 3555 5781; x_wconf 84' lang='lat' dir='ltr'>socii,</span> 
     </span>
    </p>
   </div>
   <div class='ocr_carea' id='block_1_19' title="bbox 1977 5806 3550 5888">
    <p class='ocr_par' dir='ltr' id='par_1_22' title="bbox 1977 5806 3550 5888">
     <span class='ocr_line' id='line_1_117' title="bbox 1977 5806 3550 5888; baseline -0.011 -13"><span class='ocrx_word' id='word_1_782' title='bbox 1977 5832 2077 5888; x_wconf 79' lang='lat' dir='ltr'>pet·</span> <span class='ocrx_word' id='word_1_783' title='bbox 2108 5830 2202 5875; x_wconf 71' lang='lat' dir='ltr'><strong>vos</strong></span> <span class='ocrx_word' id='word_1_784' title='bbox 2232 5824 2411 5874; x_wconf 82' lang='lat' dir='ltr'>autem</span> <span class='ocrx_word' id='word_1_785' title='bbox 2453 5815 2523 5872; x_wconf 87' lang='lat' dir='ltr'><strong>ab</strong></span> <span class='ocrx_word' id='word_1_786' title='bbox 2557 5829 2745 5874; x_wconf 82' lang='lat' dir='ltr'>eorum</span> <span class='ocrx_word' id='word_1_787' title='bbox 2802 5810 3000 5886; x_wconf 77' lang='lat' dir='ltr'>injuria</span> <span class='ocrx_word' id='word_1_788' title='bbox 3049 5809 3262 5867; x_wconf 82' lang='lat' dir='ltr'>luerunt</span> <span class='ocrx_word' id='word_1_789' title='bbox 3312 5806 3550 5862; x_wconf 79' lang='lat' dir='ltr'>liberati.</span> 
     </span>
    </p>
   </div>
  </div>
 </body>
</html>
