3984 6200
285 298 369 364 aas
1201 300 1301 360 ns
1339 299 1597 362 nesus
1633 261 1818 361 Pos'r
1846 297 2297 359 montinum
2335 296 2629 358 oss'rts.
3405 295 3514 382 επ)

337 409 573 483 Denique
611 423 788 467 annus
815 410 906 466 ille
931 409 1023 481 qui
1055 426 1084 465 a
1113 411 1444 470 Cassiodoro
1492 414 1713 486 ponitur
1750 419 1819 469 ab
1855 413 2231 469 incarnatione
2280 410 2746 483 quingentesimus
2792 407 3165 476 sexagesinus
3215 410 3509 475 secundus,

280 493 359 548 sub
407 492 692 549 consulatu
758 491 946 550 Basilii
987 493 1157 549 vicies
1200 495 1390 560 semel,
1456 496 1749 551 indictione
1788 487 2018 550 “decima
2085 503 2306 549 notatur
2354 501 2460 546 tam
2510 492 2706 546 abhis
2735 490 2823 560 qui
2874 489 3199 545 indictiones
3235 488 3509 554 aMartio,

278 591 418 645 quiam
456 575 529 632 ab
559 575 681 632 aliis
722 578 812 647 qni
850 577 918 631 ab
951 577 1265 633 Decembris
1300 579 1388 634 die
1416 578 1488 635 ΞΕ)
1523 588 1617 633 aut
1645 578 1907 634 Kalendis
1947 575 2189 631 Januarii
2234 575 2593 644 sequentibus
2638 573 2945 628 ordiuntur.
2994 569 3192 629 Verum
3246 572 3511 639 prioresa

274 658 514 716 Kalendis
563 658 846 716 Ianuariis
879 659 946 715 ad
981 659 1015 715 8
1046 659 1323 716 Kalendas
1365 663 1583 732 Apriles
1637 661 1988 716 indictionem
2026 658 2201 712 adhuc
2254 658 2472 711 tertiam
2527 656 2812 724 putabant.
2865 654 3284 710 concurrebant
3330 665 3511 714 autent

279 743 420 798 ambo
453 744 505 796 in
550 745 796 800 eamdem
860 742 1207 800 indictionem
1258 756 1532 814 quartam,
1580 743 1697 814 ipso
1744 744 1831 798 dic
1872 739 2283 808 incarnationis,
2337 739 2517 795 Martii
2569 739 2661 805 25,
2695 753 2724 792 a
2752 752 2862 807 quo
2906 739 3118 805 sciiicet
3153 736 3512 794 Cassiodorus

280 841 466 882 annum
496 824 702 882 Christi
740 836 994 885 numerat
1026 827 1525 898 quingentesimum
1565 827 1961 898 sexagesimum
1997 824 2316 879 secundum.

334 928 448 986 Non
504 929 669 1002 igitur
714 932 905 988 eodem
932 945 1076 986 anno
1119 930 1422 1001 iisdemque
1463 930 1779 987 consulibus
1820 929 1981 984 ambo
2036 930 2150 983 haec
2184 927 2338 982 initio
2386 929 2737 994 conveniunt,
2781 926 3174 982 incarnationis
3219 927 3428 982 scilicet
3458 938 3517 987 et

276 1012 454 1073 natalis
493 1011 730 1074 Domitii.
766 1015 869 1082 Qui
904 1016 1046 1070 enim
1083 1029 1111 1067 a
1167 1015 1335 1069 natali
1368 1013 1651 1083 incipiunt,
1685 1013 1787 1067 hoc
1817 1020 1901 1068 est
1924 1011 2004 1067 Δ25
2037 1013 2367 1079 Decembris,
2414 1027 2599 1067 eorum
2648 1013 2908 1080 epocham
2948 1026 3053 1065 non
3084 1022 3387 1079 sequuntur
3418 1010 3514 1080 qui

275 1099 333 1153 ab
358 1095 755 1162 incarnatione,
800 1098 905 1154 hoc
950 1107 1035 1152 est
1064 1096 1136 1157 25
1167 1096 1381 1159 Martiiw
1425 1105 1734 1159 numerant,
1784 1095 1879 1150 sed
1911 1095 2084 1149 tribus
2118 1094 2395 1150 mensibus
2424 1104 2805 1161 antevertunt;
2840 1103 2898 1149 ut
2940 1105 2993 1150 et
3017 1093 3190 1150 Graeci
3232 1095 3359 1148 anui
3396 1095 3517 1162 plus

274 1178 510 1244 seruisse,
557 1179 673 1245 qui.
714 1182 858 1250 quod
909 1179 992 1234 vel
1031 1178 1182 1248 pueri
1232 1187 1456 1244 norunt,
1508 1179 1831 1236 indictiones
1880 1193 2010 1234 suas
2044 1178 2173 1233 olim
2206 1193 2236 1232 a
2267 1178 2340 1234 25
2369 1178 2727 1254 Septembris,
2789 1188 2975 1248 postea
3027 1194 3159 1235 vero
3188 1194 3218 1233 a
3249 1179 3517 1234 Kalendis

274 1259 440 1315 exorsi
475 1269 620 1316 sunt.
652 1261 807 1329 Quod
839 1262 1131 1334 posterius,
1164 1272 1222 1316 ut
1250 1261 1387 1316 alios
1418 1260 1688 1326 omittam,
1724 1259 2019 1329 Gregorius
2050 1260 2345 1333 Κεραμεύς
2375 1261 2861 1320 Taurominitanus
2893 1261 3340 1332 archiepiscopus
3369 1261 3516 1317 indi·

273 1354 349 1399 cat
386 1343 605 1398 homilia
637 1347 718 1410 εις
746 1344 846 1417 τὴν
876 1344 1054 1417 ἀρχὴν
1079 1344 1180 1416 τῆς
1213 1343 1467 1400 Ἰνδίκτου
1502 1344 1621 1417 ἦτοι
1652 1341 1746 1398 τοῦ
1775 1343 1900 1398 νέου
1934 1342 2114 1408 ἔτους.

330 1448 597 1507 Caeterum
624 1451 769 1520 quod
800 1452 865 1506 de
897 1449 1253 1507 indictionum
1288 1451 1493 1518 epocha
1528 1449 1661 1514 dixi,
1694 1449 2012 1506 meminisse
2047 1464 2170 1504 cum
2202 1449 2393 1519 primis
2423 1460 2637 1520 oportet
2664 1465 2762 1505 eos
2788 1450 2877 1519 qui
2908 1449 3220 1506 Graecorum
3258 1448 3522 1504 historias

268 1533 558 1603 attingunt,
598 1534 724 1588 dnm
762 1531 1152 1602 imperatorum
1187 1547 1362 1587 annos
1411 1531 1571 1587 simul
1599 1542 1655 1587 et
1687 1546 1811 1588 cum
1863 1532 2252 1588 indictionibus
2283 1542 2494 1587 etcum
2531 1533 2701 1588 annis
2729 1532 2958 1587 Julianis
2997 1541 3336 1601 comparant.
3379 1531 3514 1585 Nam

270 1620 352 1688 qui
378 1617 693 1674 aKalendis
720 1616 970 1674 Ianuarii
1008 1634 1210 1675 annum
1252 1618 1461 1683 ineunt,
1500 1617 1551 1671 id
1584 1617 1727 1685 quod
1766 1614 2017 1671 hodierni
2069 1614 2367 1682 scriptores
2402 1613 2631 1681 iaciunt,
2677 1629 2874 1668 annum
2935 1614 3242 1683 quemlibet
3270 1628 3331 1668 ea
3367 1613 3516 1668 indi-⁴

268 1701 440 1756 ctione
478 1711 672 1755 notare
702 1699 900 1755 debent
928 1715 1049 1770 quae
1070 1716 1134 1755 ex
1157 1699 1443 1767 Cpolitana
1472 1698 1728 1752 methodo
1753 1712 1783 1751 a
1805 1696 2067 1754 Kalendis
2105 1695 2442 1766 Septembris
2472 1697 2600 1751 anni
2636 1698 2926 1752 aitterioris
2963 1696 3177 1750 initium
3214 1696 3421 1760 hahuit,
3459 1697 3515 1750 in

263 1798 416 1852 quiam
467 1782 669 1838 iuliani
722 1783 853 1839 anni
907 1783 1263 1852 primordium
1316 1781 1527 1844 incidit.
1584 1795 1690 1835 non
1722 1780 1792 1836 ab
1822 1793 1887 1835 ea
1921 1793 2040 1847 quze
2088 1779 2276 1832 eodem
2333 1793 2479 1838 anno
2532 1780 2749 1836 nonnisi
2780 1780 2813 1834 8
2847 1779 3192 1834 vertentibus
3240 1779 3516 1833 mensibus

262 1866 569 1920 inchoatur.
604 1863 742 1921 Tum
784 1880 915 1920 vero
943 1867 992 1921 si
1021 1866 1112 1934 qni
1148 1866 1504 1933 imperatores
1536 1851 1769 1918 exeunte
1800 1861 1985 1931 aliquo
2034 1876 2179 1917 anno
2220 1860 2437 1915 iuliano
2485 1862 2773 1933 imperium
2825 1863 3092 1932 auspicati
3125 1872 3274 1926 sunt,
3307 1877 3413 1916 non
3444 1861 3515 1917 ab

258 1949 325 2004 iis
357 1947 737 2018 cognominari
769 1947 914 2004 hunc
944 1961 1170 2015 annum,
1203 1948 1299 2004 sed
1331 1947 1399 2002 ab
1427 1946 1878 2010 antecedentibus
1910 1961 2010 2018 par
2037 1953 2144 2014 est,
2187 1945 2280 2015 qui
2311 1945 2523 2016 majore
2549 1947 2677 2001 anni
2705 1956 2863 2016 parte
2896 1947 3078 2008 adhue
3110 1947 3338 2017 imperio
3378 1961 3519 2018 prae-

256 2031 500 2086 suerunt.

324 2137 451 2194 ttoec
476 2136 752 2194 levissima
784 2137 1001 2207 quidem
1036 2145 1185 2202 sunt,
1227 2135 1322 2192 sed
1355 2149 1384 2190 a
1416 2134 1755 2206 quibusdam
1784 2135 1967 2191 minus
2013 2133 2427 2204 animadversa3
2457 2148 2522 2189 ex
2553 2148 2661 2203 quo
2692 2135 2953 2196 Heraclii.
2986 2145 3045 2189 ιιι
3071 2135 3227 2191 initio
3257 2132 3517 2205 praefatus

250 2235 396 2286 sum,
429 2234 699 2274 annornm
743 2219 879 2275 ordo
914 2217 1269 2273 labefactatus
1315 2225 1421 2282 est,
1472 2215 1740 2287 siquidem
1794 2219 2002 2287 primns
2051 2219 2194 2274 illius
2240 2232 2414 2273 annus
2461 2218 2761 2273 indictione
2809 2218 3090 2289 Cpolitana
3132 2220 3297 2286 coepit
3339 2216 3428 2278 ts.
3459 2233 3513 2272 a.

247 2302 311 2359 C.
346 2301 475 2365 610,
506 2299 729 2356 Octobri
762 2316 971 2366 mense,
1009 2310 1068 2355 ut
1095 2314 1163 2355 ex
1199 2299 1551 2367 Theophane,
1580 2296 1827 2353 Cedreno
1871 2300 2103 2372 aliisque
2131 2311 2387 2359 constare
2415 2300 2811 2370 potnit.Quare
2839 2314 2983 2355 anno
3008 2309 3293 2368 sequente,
3322 2301 3514 2354 eadem
3581 2339 3588 2346 .

247 2385 553 2442 indictione
586 2383 804 2439 labente
838 2392 931 2438 ant
957 2383 1178 2438 ineunte
1210 2381 1478 2447 Romana,
1510 2383 1787 2438 numerati
1828 2388 2035 2451 primus
2067 2385 2305 2441 Heraclii
2335 2383 2543 2448 debuit,
2591 2398 2714 2439 cum
2750 2384 3163 2439 antecedentem
3214 2383 3408 2453 maiori
3444 2396 3516 2444 ex

244 2480 406 2539 parte
435 2465 633 2524 Phucae
666 2466 701 2524 8
730 2476 1076 2537 occupasset.
1105 2467 1178 2524 At
1206 2465 1278 2520 illi
1312 2463 1546 2526 Heraclii
1596 2471 1891 2521 secundnm
1918 2467 2126 2522 Christi
2156 2467 2253 2524 6¹¹
2293 2468 2598 2536 signarunt.
2628 2467 2702 2521 lta
2744 2466 2955 2536 primns
2984 2466 3227 2537 ejusdem
3276 2468 3516 2535 impera·-

244 2548 385 2604 toris
415 2563 595 2605 atinus
624 2548 881 2603 trimestri
913 2549 1092 2618 spatio
1122 2548 1574 2616 circumscriptus
1599 2557 1701 2604 est.
1730 2547 1903 2618 Quam
1937 2549 2112 2605 labem
2144 2566 2265 2605 curu
2292 2551 2542 2606 homines
2569 2550 2772 2607 eruditi
2807 2550 2964 2605 facile
3001 2551 3511 2619 deprehendissent.

244 2631 321 2686 ita
350 2633 646 2688 emendare
692 2640 821 2687 sunt
868 2631 1105 2702 aggressi
1136 2642 1193 2686 ιιι
1221 2632 1379 2685 anuis
1412 2629 1607 2686 Phocae
1655 2631 1869 2688 nonnisi
1903 2633 1933 2696 7
1965 2635 2254 2689 attributis
2302 2649 2400 2702 pro
2450 2643 2671 2699 octavo,
2713 2634 2886 2702 quiin
2912 2634 3118 2690 Christi
3158 2632 3267 2688 oto
3298 2632 3510 2702 incidit,

242 2713 485 2772 ”eraclii
514 2717 541 2772 l
575 2716 971 2786 inscripserint.
1006 2715 1112 2771 Sed
1149 2716 1279 2778 illud
1323 2725 1441 2773 erat
1467 2731 1709 2770 errorem
1743 2715 2017 2783 corrigere
2043 2716 2124 2769 vel
2156 2714 2324 2769 veteri
2345 2714 2523 2783 potius
2548 2728 2746 2769 novum
2772 2727 3024 2771 astruere
3048 2732 3064 2768 τ
3085 2730 3208 2768 nam
3237 2725 3293 2768 et
3323 2714 3515 2768 Phocae

238 2797 277 2854 8
312 2800 562 2854 adimere
587 2809 778 2864 coptra
814 2799 1058 2853 historiae
1109 2799 1268 2852 iidem
1319 2808 1427 2862 est,
1472 2813 1632 2867 quem
1660 2807 1875 2853 constat
1902 2796 1937 2853 8
1964 2796 2168 2852 solidos
2206 2811 2400 2860 annos,
2432 2795 2577 2851 binis
2623 2797 2864 2865 exceptis
2894 2797 3197 2862 mensibus,
3230 2793 3510 2877 implesse,

234 2881 323 2938 uti
352 2881 603 2952 pluribus
632 2891 820 2954 postea
852 2883 1379 2938 demonstrabimus.
1416 2881 1524 2936 Sed
1551 2892 1607 2937 et
1642 2880 1986 2936 Constantini
2015 2880 2285 2937 Manassis
2313 2881 2369 2936 id
2391 2895 2580 2938 versus
2605 2879 2836 2950 indicat,

953 3008 1040 3079 ἐφ’
1078 3007 1223 3073 ὅλοις
1252 3007 1433 3063 ἐτεσιν
1460 3007 1607 3063 ὀκτὼ
1634 3008 1861 3080 βιώσας,
1894 3013 2267 3084 τυραννήσας.

230 3147 292 3193 et
322 3154 396 3195 ne
430 3138 514 3194 sic
544 3140 770 3210 quidem
806 3139 1210 3211 insequentium
1241 3157 1507 3196 annornm
1542 3141 1674 3196 vitia
1705 3143 1918 3198 sublata
1951 3154 2101 3202 sunt.
2135 3143 2269 3198 Nam
2305 3141 2542 3199 Heraclii
2576 3142 2809 3213 primus,
2843 3144 2889 3198 si
2916 3142 3222 3199 Romanam
3254 3143 3513 3198 indictio*-

232 3234 370 3275 nem
414 3236 671 3289 sequare,
719 3224 785 3276 ad
828 3223 895 3277 Η
947 3223 1141 3293 majori
1181 3238 1249 3277 ex
1280 3235 1438 3292 parte
1472 3223 1793 3280 referendus
1835 3234 1939 3280 est.
1976 3225 2266 3282 Secundus
2298 3228 2429 3282 item
2461 3241 2584 3280 cum
2636 3226 2705 3281 Η
2737 3225 3100 3296 copulandus.
3138 3241 3262 3282 cum
3317 3240 3383 3281 ex
3421 3227 3514 3283 illa

234 3319 471 3359 menses
505 3308 752 3373 integros
784 3304 841 3372 9,
873 3320 939 3360 ex
973 3307 1076 3361 hae
1107 3315 1221 3361 tres
1250 3306 1351 3362 sibi
1380 3306 1722 3362 solummodo
1763 3306 2021 3365 vindicet.
2065 3311 2277 3379 Alioqui
2308 3320 2365 3365 et
2398 3310 2594 3365 Phocae
2624 3309 2678 3374 ἱ,
2703 3311 2806 3379 qui
2842 3311 3224 3380 sesquimense
3255 3311 3370 3365 lere
3407 3309 3515 3363 lle·

234 3386 545 3443 raclianam
581 3390 842 3458 epocham
870 3389 1140 3461 sequitur,
1187 3405 1337 3445 anno
1379 3404 1489 3460 quo
1522 3390 1692 3459 erepit
1725 3390 1832 3453 602
1860 3393 2184 3451 tribuendus
2211 3392 2319 3451 l'uit.
2341 3431 2359 3460 ,
2392 3408 2557 3465 quem
2596 3393 2760 3453 iidem
2814 3393 2894 3449 itti
2924 3394 3173 3450 Rauricii
3209 3393 3282 3455 20
3321 3395 3516 3451 merito

232 3479 655 3539 nuncuparunt.
2630 3493 2633 3497 ’

308 3573 431 3631 Par
479 3574 610 3631 hnic
658 3584 717 3631 et
745 3574 927 3632 affinis
963 3591 1125 3633 error
1169 3577 1225 3634 in
1257 3577 1556 3636 iustiniani
1598 3592 1773 3635 annos
1803 3577 1993 3634 iisdem
2031 3578 2099 3655 dp
2141 3580 2325 3636 causis
2355 3580 2619 3650 irrepsit,
2646 3580 2788 3648 quod
2824 3582 2987 3641 annis
3013 3580 3224 3639 Christi
3256 3583 3374 3639 sive
3416 3578 3517 3636 Ju-

226 3661 415 3719 lianis
446 3670 560 3715 tam
589 3658 950 3715 indictionum
977 3661 1134 3717 initia
1163 3676 1327 3732 quam
1364 3663 1580 3732 imperii
1610 3676 1879 3717 annorum
1909 3661 2127 3732 epocha·
2156 3677 2438 3732 perperam
2472 3664 2769 3732 illigantur.
2803 3664 3036 3725 Creatus
3057 3674 3146 3721 est
3173 3662 3515 3722 Jttstittiantts

228 3742 557 3815 'asperatur
602 3739 876 3801 Kalendas
919 3744 1122 3814 Aprilis
1152 3745 1451 3800 indictione
1495 3743 1550 3809 5.
1579 3759 1611 3798 a
1653 3758 1765 3815 quo
1794 3744 1882 3800 die
1913 3753 2124 3815 tempus
2170 3747 2403 3815 imperiii
2444 3756 2802 3807 numeratur.
2834 3756 2893 3801 nt
2927 3756 3011 3802 est
3049 3748 3102 3801 in
3145 3748 3516 3811 Alexandrino

220 3826 525 3883 chrottico
571 3846 587 3884 ι
620 3827 990 3897 astipulantur
1012 3836 1070 3882 et
1093 3828 1457 3898 Theophanes
1488 3843 1557 3884 ac
1587 3827 1935 3883 Marcellinus
1961 3825 2015 3879 in
2047 3825 2342 3882 Chronico.
2377 3829 2567 3883 Annus
2592 3838 2712 3883 erat
2742 3827 2948 3887 Christi
2985 3828 3113 3895 527,
3146 3845 3254 3896 quo
3287 3830 3514 3885 indictio

224 3909 269 3965 5
313 3908 665 3979 Septembris
706 3910 1081 3966 antecedentis
1122 3911 1252 3965 anni
1299 3911 1553 3966 inchoata
1597 3910 1876 3965 decurrit:
1910 3907 2080 3977 Hujus
2123 3908 2469 3978 imperatoris
2516 3926 2571 3964 a.
2606 3910 2660 3976 5,
2700 3920 2760 3964 ιιι
2813 3920 2901 3966 est
2946 3912 3087 3979 apud
3121 3911 3516 3980 Theophanem

224 3991 553 4048 Alexandr.
589 3992 798 4048 chron.
835 4003 890 4048 et
921 3991 1088 4057 alios.
1121 3993 1420 4049 indictione
1463 3996 1527 4050 li)
1567 3994 1756 4065 iugens
1781 3991 1933 4062 Cpoli
1967 3991 2231 4046 tumultus
2275 3993 2342 4047 ab
2380 3993 2656 4048 Anastasii
2694 3994 2984 4063 nepotibus
3013 3994 3307 4058 excitatur,
3354 4008 3517 4063 quem

230 4073 420 4131 iidem
467 4076 540 4131 illi
580 4077 864 4132 fusissime
895 4077 1229 4133 describunt.
1257 4077 1450 4135 Annus
1489 4078 1578 4132 hic
1610 4077 1664 4131 in
1692 4075 1983 4131 annalibus
2013 4082 2099 4129 est
2124 4073 2325 4130 Christi
2352 4075 2451 4131 55ss
2478 4093 2494 4144 ς
2528 4076 2582 4130 id
2615 4078 2760 4145 quod
2786 4078 2951 4132 etiam
2985 4076 3258 4133 Calvisius
3297 4086 3518 4131 secutus

229 4166 364 4213 est.
389 4159 461 4211 At
482 4160 629 4213 enim
660 4175 782 4213 cum
814 4159 1041 4214 indictio
1078 4159 1143 4214 lt)
1179 4160 1393 4215 nonnisi
1426 4177 1479 4214 a.
1510 4158 1608 4215 53¹
1645 4158 1948 4228 Septembri
1978 4171 2165 4212 mense
2194 4158 2377 4213 inierit
2417 4159 2718 4230 eademque
2747 4175 2800 4212 a.
2833 4158 2940 4213 582
2969 4169 3263 4231 propagata
3294 4161 3388 4219 sit.
3419 4173 3518 4216 ne·

229 4255 409 4297 cesse
434 4250 517 4294 est
545 4242 868 4295 seditionem
902 4241 1049 4296 illam
1083 4244 1184 4297 hoc
1227 4245 1529 4309 posteriore
1562 4258 1728 4307 anno,
1780 4241 1826 4296 si
1863 4242 2080 4307 quidem
2108 4241 2352 4298 sntianos
2382 4243 2684 4312 sequimur,
2717 4242 3036 4312 contigisse.
3085 4245 3318 4311 Quod-et
3350 4242 3520 4307 feria:-

232 4338 377 4377 rtmt
403 4324 751 4387 ritarwteres
780 4323 1108 4379 confirmant
1140 4325 1191 4379 in
1215 4324 1375 4381 Atei.
1396 4323 1681 4385 Chronico
1712 4326 1802 4378 nbi
1829 4322 1936 4383 778
1964 4325 2066 4379 hoc
2094 4339 2235 4378 auno
2258 4322 2507 4380 Jannarii
2540 4326 2605 4380 16
2634 4324 2934 4382 parasceve
2960 4326 3128 4382 fuisse
3157 4328 3432 4390 scribitur,
3464 4338 3520 4383 et

227 4406 508 4471 sequenti
544 4407 633 4461 die
664 4406 996 4473 Sabbatum„
1026 4408 1153 4462 inde
1180 4407 1250 4472 18
1273 4408 1361 4463 die
1383 4396 1739 4471 uoitiitiicaut.
1776 4406 1890 4465 tine
1915 4421 2046 4463 vero
2074 4423 2180 4463 non
2207 4408 2363 4464 alteri
2395 4409 2629 4479 quadrat
2670 4425 2832 4480 quam
2863 4408 2971 4464 552
3010 4427 3177 4477 anno.
3211 4412 3364 4482 cyclo
3388 4413 3519 4470 solis

230 4488 273 4544 9
304 4490 610 4555 bissextili,
642 4492 824 4549 littera
855 4490 1010 4551 Dotn.
1051 4493 1113 4547 D.

312 4594 404 4651 At»
442 4598 547 4652 hoc
582 4596 734 4651 iotttc
764 4598 819 4652 iu
847 4597 988 4653 alios
1027 4597 1269 4667 eiusdem
1304 4598 1649 4668 imperatoris
1684 4614 1857 4655 annos
1889 4598 2136 4659 derivata
2170 4611 2294 4655 sunt
2323 4602 2479 4656 vitia.
2513 4600 2620 4656 Sed
2650 4600 2863 4671 insigne
2892 4600 2997 4655 boc
3021 4610 3105 4656 est
3141 4616 3251 4670 pra·
3284 4604 3519 4658 caeteris.

228 4676 411 4733 Διιιιο
471 4676 763 4735 iustiniani
834 4679 926 4747 19,
982 4681 1173 4737 indict.
1234 4680 1268 4736 9
1329 4681 1509 4736 adhuc
1572 4679 1811 4743 labente,
1872 4681 2070 4736 accidit
2128 4681 2420 4737 paschatis
2484 4682 2808 4755 διαστροφή,
2865 4692 2924 4737 ιιι
2988 4683 3181 4736 scribit
3237 4682 3520 4754 Cedrenus

224 4774 311 4815 se
384 4758 775 4829 Theophanes.
838 4762 1007 4835 nujus
1079 4766 1243 4821 verba
1300 4764 1585 4831 subjiciam
1639 4781 1654 4820 z
1713 4761 1778 4818 Et
1830 4763 2007 4834 [actus
2051 4775 2132 4818 est
2187 4774 2518 4821 terra-motus
2577 4781 2799 4835 maanus
2850 4762 3003 4831 cpoli
3062 4772 3112 4818 et
3176 4766 3376 4818 eversio
3432 4767 3522 4821 die

220 4852 442 4899 tuem
498 4842 741 4907 Pmcltoe.
779 4856 830 4901 et
859 4847 1008 4915 coept't
1070 4848 1256 4918 vulqus
1316 4847 1579 4901 abstinere
1635 4863 1667 4901 a
1710 4847 1956 4900 carnibus
1993 4862 2169 4913 meme
2222 4844 2516 4903 Februario
2562 4847 2650 4901 die
2685 4847 2742 4901 ὁ.
2798 4843 3101 4913 Imperator
3151 4857 3327 4899 antem
3378 4860 3520 4910 prcc-

221 4933 389 4994 cepn
444 4926 557 4981 alia
606 4926 938 4983 hebdomade
972 4945 1185 4983 carnem
1231 4930 1462 4997 oppon&
1502 4939 1550 4983 et
1589 4944 1768 4985 omnes
1811 4930 2053 4983 carnium
2094 4929 2388 4984 venditores
2435 4930 2740 4984 occiderunt
2782 4940 2830 4985 et
2875 4938 3249 4999 apposuerunt.
3283 4940 3331 4983 et
3363 4943 3518 4983 nemo

219 5010 439 5065 edebat
466 5018 559 5064 aar!
591 5012 818 5067 curabat.
850 5011 1019 5065 Porro
1042 5010 1247 5066 Pascha
1273 5011 1475 5081 [actum
1504 5021 1580 5066 est
1610 5020 1666 5065 ιιι
1696 5013 1989 5079 imperator
2005 5013 2195 5080 jussit,
2218 5022 2264 5066 et
2296 5013 2536 5067 int-entus
2566 5022 2641 5068 est
2672 5014 2900 5083 populus
2913 5012 3168 5084 jejunam
3192 5011 3520 5066 hebdomade

220 5091 549 5161 superflua.
586 5093 662 5147 Ex
688 5095 883 5161 quibus
914 5095 1188 5164 colligitur
1216 5095 1470 5166 populum
1500 5095 1779 5164 proeiixum
1802 5097 1870 5150 ab
1895 5096 2232 5163 imperatore
2265 5097 2559 5151 terminum
2589 5096 2927 5152 hebdomada
2957 5097 3131 5152 solida
3162 5097 3513 5167 praevenisse.

218 5172 301 5229 ln
334 5174 638 5228 annalibus
664 5174 942 5229 confertur
971 5177 1071 5231 hoe
1107 5176 1163 5231 in
1194 5193 1243 5230 a.
1274 5176 1334 5231 C.
1360 5176 1486 5232 545.
1528 5177 1724 5232 Verum
1751 5178 1998 5246 sequenti
2023 5178 2184 5247 plane
2208 5179 2435 5248 contigit
2460 5178 2586 5243 556.
2606 5177 2897 5234 Jttstiniani
2937 5180 3002 5236 ¹9
3027 5179 3266 5239 nondum
3295 5177 3516 5234 evotuto

224 5256 247 5323 ς
278 5256 451 5326 quod
488 5258 665 5326 ipsum
705 5259 1065 5330 scriptoribus
1103 5258 1423 5328 imposuit),
1460 5259 1710 5316 inchoata
1731 5259 1842 5331 iam
1878 5258 2066 5317 indict.
2104 5261 2158 5317 9.
2193 5261 2250 5316 ln
2282 5276 2392 5332 quo
2433 5261 2786 5316 vehementer
2824 5261 3233 5317 hallucinantur
3273 5263 3362 5331 quii
3421 5264 3524 5318 aut'

219 5352 504 5393 errorem
532 5338 680 5393 iilum
701 5339 1012 5397 «iustiniano
1037 5339 1298 5405 tribuunt.
1324 5353 1417 5398 aut
1442 5343 1603 5398 nllant
1628 5343 1848 5398 omnino
1871 5343 2157 5399 paschatis
2175 5345 2508 5415 διαστροφήν
2536 5344 2796 5399 accidisse
2815 5347 3084 5412 scribunt,
3114 5347 3191 5400 uti
3215 5345 3515 5412 cedrenus,

222 5417 622 5491 Theophanes
667 5433 719 5475 et
754 5424 879 5489 alii,
914 5426 1008 5494 qui
1037 5438 1220 5479 secum
1269 5423 1367 5494 ipsi
1397 5425 1683 5495 perspicue
1730 5434 1987 5495 pugnant.
2023 5424 2235 5480 Etenim
2284 5428 2328 5480 si
2361 5442 2425 5482 es
2477 5428 2821 5497 imperatoris
2868 5430 3219 5498 praescripto,
3253 5432 3393 5499 «ruod
3424 5445 3517 5484 ea-

222 5503 381 5557 noni
417 5518 853 5560 cousentaneum
908 5506 1075 5561 ruisse
1107 5522 1229 5563 mox
1266 5508 1642 5575 ostendemus,
1676 5508 1885 5563 Pascha
1913 5508 2246 5564 celebratum
2283 5516 2404 5574 est,
2435 5509 2582 5563 nulla
2613 5511 2731 5580 ejus
2773 5510 3020 5580 profecto
3047 5510 3346 5582 διαστροφή
3372 5509 3510 5573 fuit,

228 5586 349 5639 sed
382 5585 497 5655 τῆς
531 5586 959 5659 ἀποκρεωσῐμου
994 5589 1192 5661 ἑορτῆς
1221 5590 1503 5651 duntaxat.
1538 5606 1698 5661 quam
1736 5591 1932 5661 rutgns
1974 5588 2284 5658 imperitum
2326 5604 2450 5644 cum
2487 5592 2984 5660 quartadecimanis
3012 5604 3200 5648 contra
3250 5606 3511 5647 canonem

214 5666 457 5721 ἱιιῦεηι
476 5664 774 5724 'februarii
802 5669 852 5725 l.
874 5668 988 5725 Hoc
1016 5675 1159 5727 cuim
1192 5686 1333 5728 anno
1358 5672 1544 5743 cyr-‚lus
1572 5672 1709 5727 lunae
1734 5673 1838 5729 suit
1859 5673 1944 5740 ¹5,
1967 5672 2151 5743 cyclus
2177 5672 2308 5729 solis
2336 5672 2613 5729 Romanus
2629 5673 2721 5743 23,
2747 5673 2828 5730 lit.
2857 5672 3013 5732 Dum.
3037 5675 3102 5743 G,
3128 5685 3512 5732 concurrentes
