3984 6200
468 379 570 444 767
1453 375 1512 441 S.
1553 380 1974 444 NICEPHORI
2007 379 2514 444 PATRIARCHAE
2553 375 2660 447 GP.
3566 391 3652 456 763

470 489 635 543 tiores
656 493 818 556 atque
838 485 1301 543 sanctiores?Sed
1337 487 1592 558 quoniam
1616 503 1722 543 non
1753 489 2043 545 intellexe-
2073 501 2120 558 Α
2148 490 2347 555 παντὸς
2379 491 2647 563 ἱερώτερα
2684 485 2866 560 πολλῷ
2892 487 2987 545 καὶ
3033 484 3335 562 ἁγιώτερος
3367 490 3469 549 ἀλλ’
3500 497 3657 573 ἐπειδὴ

471 590 599 637 runt
627 580 967 652 insipientes,
1004 595 1177 651 neque
1202 581 1386 638 dicere
1413 581 1591 636 sciunt
1616 596 1864 652 quamam
1897 595 2049 636 com-

470 677 660 731 munio
689 674 906 732 Christo
928 690 1050 732 curn
1066 674 1252 740 Belial,
1284 675 1496 744 autJuci
1526 688 1647 731 cum
1668 673 1934 742 tenebris,
1960 675 2048 730 vel

471 783 594 839 quae
635 767 922 824 conventio
978 766 1162 837 templi
1234 765 1329 823 Dei
1383 783 1507 823 cum
1567 767 1728 824 idolis
1781 768 2045 839 (nondum

419 863 429 872 “
471 858 872 930 εηίιιι-εἰηεετω
914 867 1113 914 nostrae
1155 857 1299 922 ndei,
1331 857 1650 928 traditaeque
1676 858 1834 914 nobis
1890 874 1921 915 a
1952 874 2047 930 pa-

473 951 647 1006 tribus
689 949 995 1020 dogmatum
1044 948 1408 1011 rectitudinis,
1464 959 1519 1005 et
1574 949 1850 1020 inspiratae
1896 950 2046 1006 Scri-

470 1048 644 1111 pturae
691 1039 995 1094 scrutandae
1034 1049 1167 1094 cura
1215 1039 1351 1109 ipsis
1384 1038 1763 1109 suit)‚idrirco
1815 1040 2042 1097 idolium

470 1146 576 1185 non
619 1139 876 1185 verentur
898 1140 1142 1185 nostram
1196 1131 1415 1187 ntedelae
1445 1131 1713 1188 officinam
1748 1134 2041 1203 appellare.

472 1222 577 1277 Sed
636 1222 824 1290 pedem
875 1220 1173 1278 reserentes
1236 1237 1424 1278 rursus
1498 1223 1564 1278 ad
1633 1223 2041 1281 tabernaculum

469 1314 773 1369 veniamuS.

540 1405 668 1460 Post
689 1399 941 1472 alterum,
984 1407 1181 1477 iuquit,
1222 1407 1403 1462 velum
1441 1408 1851 1464 tabet-naculum
1885 1421 2037 1477 erat;

474 1498 530 1551 in
561 1513 688 1567 quo,
719 1510 919 1568 praeter
942 1507 1162 1565 caetera,
1189 1506 1349 1554 erant
1376 1500 1541 1555 etiam
1578 1514 1725 1567 arca,
1763 1509 1818 1555 et
1855 1503 2043 1572 propi-

473 1589 773 1655 tiatorium,
808 1590 923 1661 ipsa
966 1604 1181 1660 quoque
1215 1592 1279 1646 de
1306 1590 1734 1662 imputribilibus
1770 1593 1928 1664 lignis
1960 1594 2042 1648 sa·

471 1681 702 1736 bricata.
738 1683 888 1737 Auro
922 1691 1103 1738 autem
1153 1683 1447 1753 purissimo
1479 1694 1635 1740 erant
1678 1699 1956 1756 cooperta,
1989 1695 2044 1742 et

476 1772 680 1828 Sancta
727 1780 1038 1829 sanctorum
1110 1774 1541 1845 appellabantur.
1594 1775 1851 1831 Nostrum
1905 1791 2041 1833 vero

2148 582 2210 635 οὐ
2245 581 2483 652 συνῆκαν
2516 584 2564 636 ei
2593 579 2868 646 άσύνετοι,
2895 580 3018 635 οὐδὲ
3061 577 3238 636 ἴσασιν
3263 582 3425 639 είπεῖν
3458 587 3535 654 τίς
3568 607 3662 650 κοι·

2149 672 2318 727 νωνία
2342 673 2565 745 Χριστῷ
2609 672 2748 743 πρὸς
2775 671 2998 744 Βελίαρ,
3035 671 3070 743 ἢ
3096 671 3233 743 φωτὶ
3267 675 3397 747 πρὸς
3430 679 3664 756 amoq&

2147 762 2230 825 τίς
2256 762 2657 832 συγκατάθεσις
2676 761 2790 833 ναῷ
2815 761 2950 817 Θεοῦ
2978 759 3122 833 μετὰ
3148 761 3372 818 εἰδώλων
3410 763 3564 838 (οὔπω
3578 770 3667 844 γὰρ

2147 856 2329 919 αὐτοῖς
2373 856 2473 928 τῆς
2516 871 2576 909 τε
2621 853 2925 926 εὐθυτάτης
2973 854 3007 926 ή
3016 852 3134 926 μῶν
3180 853 3424 924 πίστεως.
3464 860 3550 914 καὶ
3585 860 3667 934 τῆς

2147 945 2300 1018 παρὰ
2322 947 2431 1000 τῶν
2462 947 2717 1020 πατέρων
2734 946 2896 1018 ἡμῶν
2919 943 3355 1020 παραδεδομένης
3381 948 3482 1004 τῶν
3506 951 3671 1023 δογμά·

2144 1055 2253 1093 των
2283 1039 2573 1112 ὀρθότητος
2595 1081 2611 1107 ,
2644 1040 2737 1095 καὶ
2783 1039 2887 1110 τῆς
2925 1037 3035 1094 τῶν
3080 1038 3437 1095 θεοπνεύστων
3476 1043 3672 1115 Γραφῶν

2147 1130 2374 1203 ἐρεύνης
2400 1129 2685 1204 ἐμέλησε)·
2721 1130 2809 1186 διὰ
2836 1129 2995 1186 τοῦτο
3018 1131 3286 1186 εἱδωλεῖον
3323 1132 3383 1187 τὸ
3421 1134 3531 1188 καθ’
3554 1137 3678 1208 ἡμᾶς

2156 1225 2389 1296 ἰατρεῖον
2423 1226 2591 1295 φάναι
2616 1224 2676 1279 ού
2701 1223 2966 1279 δεδίασιν·
2986 1223 3080 1278 ἐπὶ
3107 1224 3164 1281 δὲ
3185 1223 3281 1298 τήν
3305 1225 3493 1300 σκηνήν
3515 1229 3678 1284 πολιν·

2149 1295 2475 1387 δρομοῦντες
2504 1318 2600 1372 καὶ
2627 1316 2873 1383 εἰσαῦθις
2905 1316 3202 1388 οίχὼμεθα.

2193 1406 2368 1471 Μετὰ
2394 1405 2452 1460 δὲ
2476 1406 2538 1460 τὸ
2569 1406 2820 1479 δεύτερον
2853 1406 3285 1480 καταπέτασμα,
3315 1408 3466 1484 φησι,
3497 1412 3677 1484 σκηνή·

2141 1497 2201 1551 ἐν
2222 1491 2257 1571 ᾗ
2281 1498 2351 1551 τά
2375 1514 2436 1551 τε
2466 1497 2625 1563 ἄλλα,
2660 1500 2758 1553 καὶ
2789 1498 2896 1571 μὴν
2922 1498 3020 1555 καὶ
3045 1498 3081 1572 ή
3107 1495 3472 1566 ammes-„ml
3495 1501 3552 1555 τὸ
3586 1500 3685 1557 ἱλα-

2144 1587 2390 1660 στήριον,
2420 1588 2485 1642 ὲκ
2510 1589 2683 1656 ξύλων
2709 1588 2810 1661 μὲν
2835 1589 3099 1662 ἀσήπτων
3121 1591 3221 1650 καὶ
3263 1587 3401 1646 αὐτὰ
3434 1591 3685 1650 διεσκευα-

2143 1680 2315 1752 σμένα
2334 1696 2350 1710 ·
2392 1682 2599 1753 χρυσίῳ
2634 1681 2692 1736 δὲ
2722 1682 2797 1753 τῷ
2822 1683 3198 1754 καθαρωτάτῳ
3247 1684 3678 1756 περιεκὲχρωστο,

2142 1769 2311 1839 ''A-(ta
2340 1770 2396 1824 δὲ
2419 1771 2591 1841 ἁγίων
2623 1770 2842 1841 ἐλέγετο
2858 1786 2873 1802 ·
2895 1774 2929 1842 ἡ
2955 1771 3014 1826 δὲ
3039 1771 3162 1826 καθ’
3188 1772 3356 1843 ἡμᾶς,
3377 1771 3485 1827 τῶν
3513 1771 3687 1841 Ἀγίων

472 1863 884 1919 tabernaculum
926 1863 1145 1921 Sanctis
1188 1865 1295 1921 illis
1338 1875 1654 1922 sanctorum
1683 1867 1923 1923 sanctius
1957 1875 2041 1924 est
2072 1859 2113 1913 Β
2142 1862 2420 1933 ἁγιωτέρα
2453 1881 2512 1917 τε
2549 1863 3017 1938 καῖ’ὲνθεεστέρα,
3052 1863 3290 1919 κιδωτδν
3329 1863 3425 1935 μὲν
3469 1863 3575 1934 τὴν
3601 1863 3690 1920 τοῦ

471 1964 527 2009 ct
556 1955 812 2021 diviniu8‚
860 1964 916 2012 el
949 1970 1090 2012 arcae
1133 1956 1353 2027 quidem
1405 1957 1524 2014 loco
1556 1958 1949 2014 sanctissimam
1990 1969 2041 2014 et

469 2047 731 2115 vivificam
796 2045 1097 2103 Servatoris
1149 2050 1316 2104 nostri
1364 2048 1570 2105 Christi
1617 2066 1828 2106 carnem
1872 2053 2044 2105 conti-

469 2149 553 2192 net
579 2137 724 2208 (74);
768 2153 888 2208 quae
912 2139 980 2194 ab
1009 2155 1136 2195 arca
1171 2140 1258 2195 illa
1292 2140 1458 2196 veluti
1496 2139 1656 2212 lignis
1688 2141 2039 2211 imputribili-

468 2229 573 2285 bus
625 2230 1002 2297 denotabatur,
1058 2230 1257 2301 quibus
1305 2230 1461 2287 nobis
1508 2230 1866 2303 impeccantia
1922 2241 2042 2288 tan-

469 2335 629 2387 quam
670 2320 726 2374 in
758 2319 949 2376 umbra
995 2320 1369 2392 significatur,
1417 2332 1474 2378 et
1502 2323 1647 2393 quod
1694 2322 1763 2378 ad
1816 2324 2041 2380 immor-

468 2413 733 2468 talitatem
814 2413 1418 2487 impassibilitatemque
1486 2415 1735 2472 translati
1813 2431 2036 2485 sumus3

467 2504 906 2576 quandoquidem
942 2506 1077 2560 uniti
1126 2505 1289 2562 Verbi
1341 2508 1567 2575 virtute,
1620 2509 1763 2578 quod
1811 2518 2039 2566 mortem

468 2595 763 2662 destruxit,
812 2603 865 2651 et
911 2597 1275 2666 corruptelam
1325 2596 1585 2665 abstulit,
1634 2597 1699 2652 ad
1738 2596 2036 2655 inferorum

468 2684 719 2753 regiones
748 2695 921 2741 seruet
949 2689 1259 2754 conlerens‚
1295 2688 1546 2759 apparuit
1569 2691 1727 2745 morti
1753 2691 2035 2760 superior;

466 2783 522 2827 et
567 2775 618 2829 in
667 2776 996 2847 corruptivis
1042 2779 1179 2833 locis
1237 2780 1447 2847 posita,
1504 2780 2040 2851 incorruptibilitatis

465 2865 691 2932 gloriam
729 2866 855 2921 inde
873 2867 1095 2935 retulit;
1127 2879 1183 2924 et
1214 2885 1347 2924 auro
1371 2869 1539 2926 veluti
1567 2870 2029 2940 splenditlissium,

466 2957 753 3013 divinitate
821 2959 1253 3015 substantialiter
1313 2962 1461 3016 unita
1487 3001 1502 3027 ‚
1553 2971 1806 3033 cooperta
1873 2974 2038 3035 atque

467 3043 756 3100 illustrata.
805 3043 1248 3118 Propitiatorium
1292 3048 1420 3106 item
1469 3051 1625 3106 nobis
1660 3053 1833 3122 ipsum
1873 3051 2035 3108 Chri·

466 3147 608 3193 stum
641 3139 781 3194 Deus
810 3137 973 3193 Patet·
1005 3140 1220 3208 posuit;
1254 3141 1371 3210 ipse
1412 3143 1555 3197 enim
1596 3154 1681 3199 est
1717 3145 2034 3214 propitiatio

468 3237 673 3284 nostra.
705 3226 794 3283 Sic
812 3230 958 3284 euim
989 3231 1151 3286 Pater
1175 3246 1275 3288 nos
1303 3233 1514 3299 dilexit,
1547 3235 1805 3306 misitque
1839 3236 2038 3293 Filium

466 3337 626 3377 suunt
663 3322 1105 3392 propitiationem
1133 3339 1235 3395 pro
1260 3328 1502 3395 peccatis
1529 3330 1751 3384 nostris.
1771 3329 1876 3386 Sed
1909 3332 2037 3400 quid

469 3412 606 3476 bace,
661 3398 819 3483 apud'
851 3423 1032 3471 mente
1076 3426 1384 3486 corruptos,
1436 3430 1492 3474 et
1535 3420 1775 3475 animam
1815 3432 2039 3492 peccato

470 3513 734 3561 mortuam
789 3508 1084 3575 gerentes?
1147 3507 1470 3566 Reverentia
1524 3526 1588 3567 ac
1639 3523 1816 3578 metu,
1869 3523 1925 3571 et
1970 3515 2039 3571 de

468 3596 632 3651 rebus
663 3599 871 3655 sanctis
895 3598 1132 3668 silentio,
1176 3600 1350 3659 honor
1384 3618 1526 3674 saepe
1562 3607 1897 3674 praestandus
1925 3618 2034 3663 est.

467 3686 572 3757 ipsi
604 3698 783 3744 tamen
804 3705 902 3760 pro
927 3703 1186 3750 consueta
1214 3709 1309 3749 sua
1337 3694 1630 3764 loquantur
1646 3699 1893 3756 audacia.
1919 3701 2036 3771 Age

464 3791 617 3844 vero,
652 3780 808 3835 nobis
837 3779 904 3835 ad
929 3781 1072 3838 bunc
1101 3783 1275 3840 locum
1308 3788 1616 3856 provectis,
1636 3804 1739 3844 non
1770 3791 2033 3857 alienum,

465 3869 639 3925 visum
686 3881 771 3926 est
816 3871 1015 3928 addere
1060 3873 1187 3930 huic
1238 3876 1501 3944 sermoni,
1557 3879 1660 3934 etsi
1701 3879 1759 3935 iel
1791 3882 2035 3937 nonnulli

464 3961 625 4031 paulo
651 3972 803 4018 extra
836 3965 1174 4035 propositum
1210 3967 1328 4022 lleri
1360 3970 1650 4039 putabunt,
1681 3986 1854 4041 pauca
1882 3988 2034 4045 quae-

466 4054 587 4108 dam
630 4055 881 4112 videlicet
908 4057 975 4114 de
1001 4059 1067 4114 iis
1110 4075 1231 4129 quae
1260 4061 1314 4115 in
1350 4062 1702 4119 tabernaculo
1735 4074 1895 4120 erant
1922 4065 2037 4123 dis-

464 4157 684 4216 serere3
718 4164 837 4218 quae
869 4148 1237 4219 insipientium
1274 4153 1582 4207 vecordiam
1611 4162 1665 4208 et
1698 4155 2032 4224 impietatem

465 4250 799 4307 coarguent,
857 4241 1107 4297 lidelibus
1151 4254 1330 4298 autem
1377 4255 1430 4299 et
1480 4246 1730 4302 veritatis
1759 4250 2036 4318 suppetias

466 4328 612 4384 serre
644 4331 945 4400 apparebit.

538 4418 626 4474 70.
655 4418 863 4474 Dictum
891 4430 971 4474 est
997 4421 1161 4491 igitur
1189 4425 1257 4479 ab
1284 4428 1542 4496 Apostolo
1565 4431 1635 4498 ²⁹,
1664 4445 1825 4502 supra
1849 4445 2034 4487 arcam

465 4509 806 4566 cherubinos
834 4511 1105 4570 exstitisse
1130 4515 1337 4586 gloriar,
1365 4522 1798 4591 propitiatorium
1841 4524 2029 4581 obum·
2064 4536 2110 4593 n
2137 4527 2373 4583 κιδωτοῦ
2419 4530 2703 4603 Χερουόιμ
2757 4528 2899 4585 εἶναι
2950 4530 3109 4603 δόξης
3161 4530 3632 4596 κατασκιάζοντα
3681 4524 3736 4579 τὸ

2144 4621 2488 4691 ἱλαστήριον·
2539 4621 2676 4693 πρὸς
2721 4620 2781 4676 ὃν
2823 4619 3226 4693 ἀνθυποφέρων
3273 4624 3672 4695 διαπορήσειεν
3711 4615 3737 4666 6

2135 4708 2342 4763 τοιόσδε
2380 4708 2535 4777 λόγος
2560 4711 2656 4763 καὶ
2693 4711 2838 4781 ἐρεῖ·
2862 4709 2929 4763 Τί
2953 4708 3080 4783 φὴς,
3107 4704 3153 4764 ὦ
3195 4711 3398 4767 Παῦλε
3419 4754 3435 4781 ,
3468 4712 3546 4767 Xe
3557 4706 3734 4784 ρουθὶμ

456 4590 708 4658 brantes.
729 4602 828 4659 Cui
854 4608 1236 4665 contradicens
1268 4609 1498 4681 alicujus
1536 4617 1713 4670 oratio
1743 4617 1819 4671 ita
1847 4619 2027 4674 dicet:

465 4693 603 4760 Quid
636 4694 736 4761 ais,
760 4695 926 4769 240
949 4713 982 4753 o
1005 4698 1207 4755 Paule?
1241 4700 1293 4756 lti
1325 4712 1452 4758 suut
1481 4704 1819 4763 cherubini?
1852 4709 2033 4778 Quos-

462 4800 588 4839 nam
624 4789 722 4842 hos
765 4804 890 4844 esse
929 4789 1222 4847 audimus?
1268 4808 1393 4846 num
1424 4792 1568 4861 illos,
1600 4797 1690 4866 qui
1730 4799 2031 4870 principem

462 4890 517 4934 et
550 4878 660 4935 Deo
693 4881 1020 4952 proximum,
1060 4882 1452 4956 beatorumque
1483 4896 1537 4944 et
1563 4889 2030 4959 supcrcoelestium

464 4971 884 5040 gubernatorum
904 4973 1083 5029 sortiti
1110 4985 1279 5030 sunta
1306 4978 1416 5032 Deo
1440 4978 1665 5048 gradum
1684 4990 1733 5035 et
1750 4981 2030 5048 ordinem:

464 5073 524 5114 ut
556 5061 699 5131 inste
747 5064 1036 5121 admodum
1086 5070 1363 5140 egregium
1396 5069 1585 5139 glot-ize
1622 5072 1883 5126 tributum
1926 5072 2033 5128 illis

466 5156 742 5223 reddatur,
784 5172 884 5213 ceu
920 5159 1030 5216 Deo
1087 5162 1368 5231 ριόιίιηίε,
1400 5173 1453 5219 et
1483 5164 1863 5234 principaliter
1909 5166 2034 5221 inde

467 5247 798 5315 litigentibus
833 5261 888 5305 et
917 5251 1264 5309 immateriali
1290 5254 1382 5309 illo
1418 5266 1474 5311 et
1508 5258 1713 5312 eximio
1745 5257 2033 5326 splendore

465 5339 711 5395 ornatis?
747 5340 974 5399 Minime
1016 5346 1257 5415 gentium
1289 5346 1460 5402 dices.
1498 5347 1642 5415 Quid
1675 5364 1806 5420 ergo
1834 5350 2027 5406 erunt?

468 5429 527 5486 Si
561 5432 654 5487 tibi
704 5433 907 5490 volenti
948 5445 1051 5505 est,
1098 5436 1184 5493 dic
1227 5446 1412 5507 aperte
1446 5447 1500 5493 ct
1533 5439 1723 5494 borum
1758 5437 1839 5494 sac
1873 5439 2025 5495 uobis

543 5586 587 5620 '⁹
625 5587 786 5646 liebr.
821 5604 898 5656 tx,
925 5590 977 5646 5.

2143 1952 2416 2023 Σωτῆρος
2450 1953 2617 2026 ἡμῶν
2655 1956 2912 2026 Χριστοῦ
2950 1956 3256 2028 παναγίαν
3302 1955 3400 2011 καί
3443 1954 3690 2018 (monerer

2142 2045 2340 2116 σάρκα
2366 2043 2552 2117 φέρει,
2581 2049 2651 2103 δι’
2678 2049 2895 2120 ἐκείνης
2923 2047 3113 2121 ὥσπερ
3148 2049 3210 2102 ὲν
3243 2047 3424 2114 ξύλοις
3454 2048 3694 2121 ἂσήπτοις

2141 2136 2388 2203 τυπικῶς
2416 2138 2576 2194 πάλιν
2615 2139 3091 2213 διαγραφομένην,
3122 2139 3184 2207 ἐξ
3225 2133 3303 2195 ὧν
3333 2142 3464 2213 ἡμῖν
3502 2139 3559 2198 τὸ
3590 2141 3695 2193 κατ’

2142 2229 2308 2301 αὐτὴν
2350 2230 2739 2304 ἀναμάρτητον
2776 2231 2853 2297 ὡς
2883 2234 2941 2287 ὲν
2973 2233 3102 2305 σκιᾷ
3146 2232 3588 2305 διασημαίνεται,
3617 2233 3697 2288 καὶ

2139 2320 2201 2376 τὸ
2243 2321 2382 2393 πρὸς
2425 2322 2734 2396 ἀφθαρσίαν
2780 2325 2875 2380 καὶ
2917 2322 3193 2380 ἀπάθειαν
3248 2322 3695 2395 μεταπεπλάσθαι,

2138 2414 2378 2487 ὁπηνίκα
2405 2418 2470 2487 τῇ
2499 2416 2592 2470 τοῦ
2623 2416 3003 2488 συνηνωμένου
3031 2416 3212 2487 Λόγου
3238 2416 3495 2488 δυνάμει,
3517 2415 3605 2470 τοῦ
3622 2415 3702 2470 τὸν

2140 2505 2371 2561 θάνατον
2401 2508 2852 2581 καταργήσαντος
2877 2508 2973 2564 καὶ
3002 2506 3099 2580 τὴν
3141 2508 3361 2580 φθορὰν
3389 2507 3701 2570 καθελόντος,

2138 2598 2252 2661 τοῖς
2272 2596 2369 2651 τοῦ
2387 2597 2514 2670 ᾅδου
2539 2598 2762 2670 χωρίοις
2785 2598 3274 2672 προσομιλήσασα,·
3291 2599 3525 2655 θανάτου
3545 2596 3707 2670 κρείτ·

2138 2705 2245 2744 των
2270 2687 2450 2759 ὤφθη,
2484 2689 2579 2745 καὶ
2612 2691 2671 2743 ὲν
2702 2691 2814 2754 τοῖς
2840 2687 3192 2760 φθοροποιοῖς
3221 2689 3494 2761 γενομένη
3520 2688 3706 2752 τόποις.

2136 2778 2239 2849 τὴν
2287 2781 2389 2849 τῆς
2437 2778 2743 2853 ἀφθαρσίας
2789 2779 3144 2852 ἀπηνέγκατο
3177 2779 3379 2847 δόξαν·
3424 2777 3623 2852 χρυσίῳ
3661 2777 3712 2831 δὲ

2137 2870 2328 2942 ὥσπερ
2378 2872 2457 2943 τῷ
2502 2873 2939 2944 διαφανεστάτῳ,
2979 2874 3049 2944 τῇ
3088 2872 3378 2937 οὐσιωδῶς
3414 2870 3712 2945 συνημμένη

2138 2959 2353 3032 θεότητι
2373 3000 2389 3027 .
2460 2962 2997 3034 κατακαλυπτομένη
3057 2961 3154 3017 καὶ
3214 2959 3710 3034 ,λελαμπρυσμὲνψ

2139 3051 2452 3126 ἱλαστήριον
2472 3053 2529 3110 δὲ
2556 3053 2717 3110 πάλιν
2745 3056 2898 3127 ἡμῖν,
2942 3053 3107 3110 αὐτὸν
3148 3054 3248 3111 τὸν
3278 3053 3524 3126 Χριστὸν
3549 3054 3577 3107 ό
3601 3051 3716 3115 θεὸς

2139 3148 2236 3201 καὶ
2263 3146 2452 3219 Πατὴρ
2473 3146 2657 3202 ἔθετο·
2696 3148 2861 3214 αὐτὸς
2893 3147 3006 3220 γάρ
3033 3148 3187 3204 ἐστιν
3214 3150 3246 3203 ὁ
3285 3147 3515 3220 ἱλασμός
3543 3146 3712 3219 ἡμῶν·

2138 3238 2280 3294 οὕτω
2307 3240 2416 3313 γὰρ
2449 3242 2477 3294 ὁ
2507 3239 2696 3311 Πατὴρ
2737 3241 3028 3312 ἠγάπησεν
3073 3242 3258 3313 ἡμᾶς,
3309 3242 3411 3296 καὶ
3453 3237 3718 3295 ἀπέστειλε

2137 3329 2230 3384 τὸν
2266 3328 2394 3383 Υίδν
2435 3329 2597 3385 αὑτοῦ
2631 3329 2859 3402 ἱλασμὸν
2898 3331 3028 3405 περὶ
3050 3330 3162 3386 τῶν
3212 3329 3516 3403 ἁμαρτιῶν
3545 3328 3715 3403 ἡμῶν·

2139 3420 2276 3475 ἀλλὰ
2295 3421 2350 3477 τί
2381 3420 2555 3476 ταῦτα
2595 3422 2749 3494 παρὰ
2773 3423 2888 3488 τοῖς
2927 3422 3430 3496 κατεφθαρμένοις
3461 3423 3561 3497 τήν
3601 3419 3725 3489 γνώ-

2144 3530 2269 3585 μην,
2302 3511 2397 3567 καὶ
2441 3512 2540 3584 τὴν
2575 3512 2755 3586 ψυχὴν
2796 3514 3087 3587 τεθνηκόσι
3138 3518 3211 3589 τῇ
3266 3516 3560 3589 ἁμαρτίας
3593 3512 3721 3567 Δίδοί

2139 3606 2234 3659 καὶ
2261 3604 2412 3676 φόδῳ
2441 3607 2504 3677 τῇ
2532 3605 2669 3677 πρὸς
2698 3606 2768 3661 τὰ
2788 3605 2920 3676 ἅγια
2950 3610 3128 3679 σιωπῇ
3147 3609 3222 3665 τὰ
3251 3607 3436 3663 πολλὰ
3457 3604 3717 3680 τιμητέον·

2140 3697 2294 3751 αὐτοὶ
2341 3696 2450 3769 γὰρ
2494 3696 2564 3751 τὰ
2602 3698 2734 3768 φίλα
2772 3698 2869 3753 καὶ
2918 3699 3126 3772 συνήθη
3172 3699 3285 3773 τῆς
3326 3699 3538 3772 τόλμας
3578 3697 3720 3767 φθεγ-

2139 3788 2450 3859 γέσθωσαψ
2479 3788 2714 3845 ἐνταῦθα
2732 3790 2790 3844 δὲ
2816 3790 3134 3861 γενομένοις
3154 3794 3326 3863 ἡμῖν,
3349 3794 3463 3848 οὐκ
3488 3793 3720 3861 ἄκαιρον.

2139 3882 2214 3948 ὥς
2245 3900 2308 3952 γε
2331 3879 2505 3956 οἶμαι,
2541 3885 2854 3956 νενόμισται
2881 3887 3426 3960 προσδιατρίψαιτῷ
3447 3888 3607 3959 λόγῳ,
3635 3884 3720 3939 κάν

2140 3993 2249 4032 τισι
2283 3977 2838 4051 παρεκὸατικώτερον
2861 3975 3001 4033 εἶναι
3030 3977 3235 4048 δόξειε,
3272 3980 3378 4035 καὶΙ
3416 3981 3592 4054 μικρά
3620 3992 3726 4030 τινα

2137 4068 2248 4123 τῶν
2272 4068 2434 4123 κατὰ,
2448 4067 2548 4139 τὴν
2572 4069 2780 4140 σκηνήν
2811 4068 2972 4141 χάριν
2995 4068 3265 4135 διειπεῖν.
3298 4071 3454 4143 ὅπερ
3484 4070 3564 4135 είς
3587 4069 3724 4133 §ter-

2139 4178 2235 4232 χον
2275 4160 2375 4233 μὲν
2417 4159 2517 4231 τῆς
2539 4161 2649 4214 τῶν
2693 4161 2939 4233 ἀνοήτων
2984 4161 3221 4231 ἀλογίας
3251 4164 3358 4219 καὶ
3403 4158 3727 4221 δυσσεδεὶας.

2141 4251 2469 4324 συνηγορίαν
2508 4252 2566 4306 δὲ
2608 4253 2721 4317 τοίς
2754 4254 2968 4317 πιστοῖς
3011 4253 3109 4309 καὶ
3153 4256 3232 4325 τῇ
3285 4254 3529 4326 ἀληθεία
3549 4252 3728 4318 διαφα·

2137 4348 2329 4401 νεῖται.

2207 4437 2269 4498 o'.
2301 4438 2530 4511 Εἴρηται
2558 4438 2738 4494 τοίνυν
2768 4437 2847 4511 τῷ
2879 4438 3221 4510 Ἀποστόλιρ,
3253 4439 3624 4511 ὑπεράνωθεν
3645 4432 3732 4503 τῆς

2140 4800 2247 4853 είσι
2276 4798 2484 4868 ταῦτα;
2524 4798 2713 4855 Ὀποῖα
2733 4801 2790 4855 δὲ
2821 4800 3005 4854 ἐκεῖνα
3031 4799 3362 4874 ἁκούομεν;
3394 4802 3434 4859 ἃ
3465 4804 3568 4874 τὴν
3603 4815 3730 4869 vtpat-

2139 4891 2327 4961 τίσι-ην
2351 4908 2410 4945 τε
2443 4891 2537 4945 καὶ
2578 4894 2819 4963 προσεχῆ
2855 4891 2995 4964 Θεῷ,
3023 4893 3121 4947 καί
3158 4894 3287 4948 τῶν
3327 4891 3627 4968 μακαρίων
3655 4888 3729 4943 καὶ

2141 4980 2551 5053 ὑπερουρανίων
2581 4980 2916 5052 διακόσμων,
2954 4981 3168 5053 διέλαχε
3209 4986 3379 5055 παρὰ
3425 4983 3568 5039 Θεοῦ
3601 4980 3730 5044 τᾶξω

2138 5089 2197 5127 τε
2233 5074 2327 5126 καὶ
2354 5069 2776 5143 ἅποκλήρωσιν,
2804 5072 2891 5127 ἵνα
2919 5072 2984 5147 δὴ
3016 5074 3260 5139 δικαίως
3295 5075 3456 5147 μάλα
3487 5074 3584 5130 καὶ
3605 5068 3732 5135 ἀξύ-

2141 5163 2298 5232 λογον
2329 5163 2389 5216 τὸ
2413 5164 2511 5234 τῆς
2547 5162 2706 5234 δόξης
2743 5163 2926 5229 αὐτοῖς
2970 5163 3359 5236 περιάπτοιτο
3391 5167 3586 5239 γέρας,
3647 5160 3730 5215 ἅτε

2137 5254 2202 5327 δὴ
2232 5254 2596 5325 πλησιαίτατα
2628 5254 2749 5328 Θεῷ
2771 5255 2911 5325 οὖσι,
2936 5255 3031 5310 καὶ
3055 5255 3126 5310 τὰ
3158 5255 3380 5329 πρῶτα
3412 5255 3626 5311 ἐκεῖθεν
3653 5248 3732 5303 ἐλ-

2136 5346 2525 5417 λαμπομένοις,
2560 5347 2779 5419 καὶτῆς
2815 5348 2979 5403 ἀΰλου
3009 5349 3241 5419 ἐκείνης
3277 5353 3386 5405 καὶ
3417 5345 3730 5419 ὕπερφὼτου

2133 5439 2651 5512 καταγλαῖζομένοις
2680 5440 3092 5513 λαμπρότητοςς
3134 5440 3224 5494 Οὐ
3281 5440 3394 5514 μὲν
3441 5436 3536 5495 οὖν
3573 5438 3730 5496 εἴποις

520 5725 658 5802 ,(74)
698 5725 776 5778 Eu
809 5742 1025 5784 caruem
1069 5725 1270 5784 Christi
1316 5728 1445 5785 dicit
1480 5727 1837 5801 Nittepltortm,
1868 5745 2027 5800 quant
2060 5730 2230 5787 adbuc
2263 5731 2328 5786 lto
2353 5733 2506 5787 lierni
2579 5732 2815 5789 laurenc}
2847 5733 3033 5789 dicunt
3089 5745 3308 5801 panem
3343 5747 3499 5799 csse,
3530 5740 3584 5785 et
3611 5738 3730 5782 cat·-

481 5808 565 5846 ttts
591 5795 834 5865 liguram.
