3984 6200
281 313 388 379 mi)

1364 296 1650 361 ORATIO
1686 296 1767 358 IN
1807 296 1869 358 S.
1912 295 2305 360 AGATHAM.

3357 296 3496 367 1286

280 440 430 489 sancta
474 431 792 497 spontanea,
839 421 1006 477 honor
1055 418 1195 482 Deo,
1225 424 1271 471 et
1319 417 1514 485 petrice
1559 412 1818 468 liberatio.
1852 415 1896 475 Β
1924 414 2066 469 coelo
2100 423 2352 484 terraque
2382 407 2544 466 ilebat
2586 409 2881 498 gloriosus,
2915 411 3356 472 animadvertens
3395 434 3495 472 no·-

332 521 408 577 24,
436 515 568 585 Quid
610 515 708 569 boc
738 523 904 569 unum
949 526 1127 566 mcum
1170 525 1253 574 os,
1301 521 1529 578 meaque
1559 506 1811 560 mortalis

276 615 428 683 lingua
470 609 631 664 audet
695 603 926 674 amplius
984 602 1172 658 laudes
1226 601 1450 671 Agttbae
1508 597 1810 662 celebrare,

277 717 387 772 quas
411 714 508 757 non
544 707 761 752 centum
798 694 1116 763 angelorum
1143 706 1262 759 ora,
1297 707 1403 747 non
1440 692 1663 746 totidem
1697 701 1811 745 coe-

273 797 418 850 lestes
444 790 639 858 linguae
664 787 844 843 verbis
873 786 1180 841 volantibus
1203 784 1469 854 attingere
1491 780 1817 837 valuerunt?

274 888 364 944 Sed
393 881 499 938 illas
531 882 680 951 ipsas
709 894 906 950 magno
931 877 1148 935 silentio
1177 877 1493 934 coelestibus
1516 874 1699 943 digitis
1730 873 1818 929 ille

272 974 456 1033 caeteris
490 971 666 1044 major
701 969 945 1040 angelus,
972 967 1204 1037 virginis
1259 981 1431 1036 nuper
1486 975 1671 1021 custos
1692 1006 1709 1032 ,
1743 964 1820 1019 di-

274 1063 763 1134 ctante·dcscripsit
793 1063 939 1128 Deo;
987 1061 1397 1130 admiratusque
1441 1057 1710 1129 angelicas
1754 1071 1820 1113 ae

267 1172 416 1230 prope
467 1155 682 1210 divinas
735 1152 1002 1216 virtutes,
1068 1151 1317 1221 protinus
1371 1148 1496 1204 iude
1544 1148 1815 1204 discessit.

267 1250 407 1305 Certe
434 1254 492 1301 ιιι
532 1245 648 1317 ipse
677 1257 895 1315 quoque
927 1255 1170 1314 praesens
1209 1249 1374 1307 esset,
1408 1238 1665 1310 fieretque
1691 1237 1820 1309 ‘par-

267 1342 420 1408 ticeps
456 1339 512 1393 in
558 1335 766 1392 deliciis
804 1333 1146 1400 coelestibus,
1178 1333 1376 1403 quibus
1407 1330 1600 1387 civitas
1643 1327 1820 1385 emulis

261 1429 485 1488 coelestis
551 1408 979 1499 perfundebatur
1039 1425 1106 1479 ad
1177 1423 1508 1491 triumphum
1566 1419 1822 1492 martyris

263 1523 491 1578 omnium
542 1516 926 1590 magnanimae,
962 1529 1171 1584 suoque
1194 1515 1320 1582 jure
1345 1522 1492 1569 essct
1526 1526 1821 1583 paranym-

259 1609 388 1680 pbus
411 1607 475 1663 ad
520 1607 830 1678 ingressum
867 1602 1248 1674 pulcherrimae
1277 1602 1732 1672 Cliristi'spousae
1766 1599 1821 1654 iu

261 1698 553 1754 thalamum
585 1695 689 1752 sibi
731 1709 764 1751 a
795 1695 974 1750 Matre
1021 1693 1290 1764 virginum
1338 1686 1560 1759 Virgine
1595 1689 1821 1759 Deipara

251 1797 612 1861 praeparatum
668 1803 685 1842 t

253 1882 344 1953 qni
380 1880 774 1938 certaminibus
833 1877 1258 1947 disputationum
1319 1884 1821 1945 tormentorumque

250 1973 467 2043 'Agatbae
503 1985 723 2040 semper
781 1968 1137 2034 interfuerat,
1174 1982 1329 2039 aeque
1376 1982 1542 2039 supra
1573 1967 1823 2048 puellare

253 2064 524 2135 ingenium
556 2078 624 2120 ac
653 2062 821 2130 vires,
851 2061 1007 2132 quasi
1037 2055 1249 2117 auritus
1285 2060 1643 2131 oculatusque
1669 2060 1824 2116 testis

249 2162 588 2228 perceperat,
630 2153 952 2224 singulaque
997 2151 1423 2207 admirabundus
1466 2158 1820 2221 spectaverat,

243 2263 366 2302 mox
398 2259 501 2316 per
541 2253 711 2300 totum
745 2241 944 2298 coelum
971 2240 1224 2297 victimas
1257 2249 1479 2295 caneret
1507 2238 1822 2310 virginales,

242 2337 618 2407 invitat-etque
673 2335 862 2391 beatos
912 2331 1153 2390 coelestis
1200 2331 1405 2388 militiai
1438 2332 1712 2388 exercitus
1755 2330 1823 2387 ad

233 2429 438 2487 Filium
492 2427 592 2484 Dei
647 2442 711 2484 ac
765 2425 1012 2495 Deiparae
1069 2423 1310 2497 Virginis
1369 2424 1820 2491 collaudandum,

231 2519 381 2594 quod
418 2520 589 2575 talem
615 2516 842 2573 fecisset
873 2518 926 2572 in
957 2516 1164 2572 imbelli
1194 2513 1409 2587 virgine
1440 2517 1748 2572 victoriam.

305 2609 401 2666 25.
453 2607 570 2664 Sed
610 2605 843 2662 fortasse
882 2605 1069 2661 verius
1111 2605 1238 2660 inde
1286 2604 1513 2675 angelus
1553 2605 1826 2671 discessit,

229 2700 362 2771 qnia
393 2713 526 2754 cum
547 2695 834 2767 virginalis
860 2696 1057 2752 montis
1081 2696 1432 2766 purissimam
1458 2696 1823 2764 sanctitatem,

227 2792 703 2850 ardentissimum
736 2798 1052 2860 spontaneae
1084 2789 1339 2860 martyris
1371 2804 1614 2844 amorem
1641 2804 1706 2846 ac
1733 2790 1830 2846 de·

232 2884 536 2949 siderium,
567 2883 831 2938 eximium
864 2880 921 2936 in
947 2880 1199 2937 maximis
1230 2881 1410 2937 tenelli
1432 2882 1676 2952 corporis
1699 2898 1828 2938 cru-

228 2976 480 3034 ciatibus
541 2972 762 3029 Christo
821 2970 1037 3042 Sponso
1086 2972 1388 3028 exhibitum
1444 2972 1709 3034 bonorem
1759 2972 1832 3029 ab

1914 518 2041 559 snm
2069 520 2127 560 se
2153 503 2471 575 'trisagium'
2487 503 2775 576 cecinisse,
2803 504 3048 574 adeoque
3079 505 3327 562 mirificis
3346 507 3496 579 Aga·

1916 597 2023 650 tbae
2085 596 2397 650 sanctitatis
2453 594 2836 665 splendoribus
2904 595 3205 665 angelicam
3265 597 3493 653 obtundi

1914 695 2174 754 mentem,
2211 687 2575 743 invisibilibus
2624 685 2725 741 alis
2776 685 2879 741 sibi
2924 685 3313 743 consulendum
3362 701 3496 744 cen·

1913 780 2044 845 suit,
2071 780 2252 849 itaque
2277 778 2524 834 sublimis
2549 777 2788 833 evanuit.

1983 869 2076 927 26.
2105 870 2210 925 Seii
2236 885 2421 939 quaeso
2445 879 2517 935 te,
2545 882 2576 924 o
2604 867 2842 924 coelestis
2870 861 3188 939 angelorum
3217 870 3493 936 centuria,

1918 975 2081 1017 unam
2116 959 2306 1017 saltem
2351 960 2483 1016 mibi
2535 959 2837 1031 angelicam
2887 958 3128 1031 linguam
3160 975 3225 1017 ac
3274 976 3495 1015 manunt

1916 1049 1986 1107 ad
2019 1052 2186 1116 breue
2216 1051 2479 1121 temporis
2511 1050 2746 1120 spatium
2776 1049 3151 1118 accommoda,
3182 1059 3244 1106 ut
3272 1050 3498 1106 coeleste

1928 1143 2377 1213 epithalamium,
2413 1144 2557 1213 quod
2597 1155 2694 1196 vos
2738 1156 2864 1197 cum
2908 1141 3134 1213 Agatltae
3174 1142 3499 1213 corpusculo

1920 1236 1973 1290 in
2016 1237 2260 1293 ‹obscuro
2315 1234 2640 1306 sepulcralis
2680 1235 2970 1290 marmoris
3029 1236 3384 1303 condidistis,
3443 1236 3497 1290 in

1919 1327 2094 1383 lucem
2142 1325 2447 1396 proseram3
2507 1333 2788 1395 paucaque
2870 1334 3050 1380 vestra
3105 1323 3209 1397 (ut
3266 1323 3494 1396 soletis)

1919 1420 2084 1475 verba
2108 1415 2160 1473 in
2186 1432 2253 1474 eo
2282 1418 2579 1488 descripta,
2611 1432 2675 1473 ac
2715 1417 3008 1473 reconditis
3031 1418 3306 1490 mysteriis
3328 1416 3500 1473 obvo-

1920 1510 2058 1579 luta,
2092 1510 2174 1566 ias
2220 1510 2350 1565 mibi
2383 1510 2453 1565 sit
2484 1510 2810 1566 edisserere.
2850 1508 2919 1564 Et
2956 1510 3176 1579 quidem
3228 1524 3325 1565 vos
3357 1512 3409 1564 in
3441 1524 3502 1567 re

1921 1604 2126 1676 optima
2149 1604 2217 1666 ab
2252 1601 2536 1673 virginalis
2574 1602 2775 1658 mentis
2822 1603 3113 1658 sanctitate
3141 1601 3327 1659 laudes
3353 1603 3501 1674 Aga·

1923 1695 2030 1752 tbae
2081 1694 2360 1752 celebrare
2396 1694 2709 1765 occepistis.
2748 1692 2913 1764 Virgo
2950 1693 3155 1750 etenim
3198 1694 3337 1758 baec,
3373 1708 3496 1749 cum

756 1799 968 1841 necnon
1018 1796 1080 1840 ut
1139 1784 1283 1839 idem
1328 1795 1515 1840 custos
1557 1781 1817 1853 angelus,
1852 1756 1896 1813 B
1926 1785 2103 1841 adbuc
2160 1783 2340 1839 infans
2386 1791 2567 1848 esset,
2602 1782 2754 1839 nullo
2803 1783 3016 1838 mortali
3068 1782 3329 1854 magistro
3374 1782 3500 1839 edo·

1926 1887 2106 1942 cente,
2159 1876 2261 1932 sed
2323 1874 2526 1946 Spiritu
2583 1884 2775 1932 saneto
2828 1875 3158 1938 intrinsecus
3209 1875 3497 1944 suadente,

1921 1972 2287 2043 virginitatem
2337 1970 2450 2027 Deo
2486 1970 2865 2040 consecravit,
2920 1970 3166 2041 adeoque
3222 1979 3337 2026 toto
3382 1971 3505 2026 vitze

1923 2062 2157 2119 decursu
2194 2061 2442 2117 excolere
2474 2062 2794 2130 satagebat,
2841 2071 2900 2116 ut
2931 2061 3093 2117 nullis
3120 2076 3242 2118 eam
3274 2061 3506 2117 soecuta

1919 2154 2077 2211 ribus
2125 2154 2305 2218 curis,
2353 2162 2447 2208 aut
2477 2154 2808 2225 nuptialibus
2848 2153 3137 2223 colloquiis
3177 2154 3499 2221 macularitg

1924 2229 2171 2316 quinimo
2246 2260 2431 2300 rerum
2499 2245 2741 2300 omnium
2818 2254 3123 2300 creatarum
3197 2246 3503 2314 immemor,

1923 2338 2120 2393 divinae
2153 2351 2357 2393 vacans
2394 2336 2864 2407 contemplationi,
2897 2353 3019 2393 eant
3059 2338 3359 2394 reddiderit
3404 2353 3506 2407 pn·-

1925 2430 2166 2500 tiorem;
2196 2429 2427 2497 ideoque
2466 2430 2533 2482 ad
2572 2423 2831 2484 eximium
2867 2427 3039 2488 divini
3083 2429 3288 2484 amoris
3314 2444 3502 2485 exces-

1924 2537 2047 2577 sum
2089 2521 2424 2588 subvolarit;
2458 2530 2514 2577 et
2539 2535 2655 2592 ,pro
2703 2521 2897 2590 Sponsi
2934 2522 3018 2577 sui
3055 2523 3255 2578 tuenda
3298 2522 3404 2578 tide
3437 2520 3506 2577 ad

1924 2612 2266 2668 cruciatuum
2320 2627 2546 2684 agonem
2603 2612 2888 2686 pervenire
2935 2613 3170 2667 maxime
3204 2611 3501 2680 exoptarit.

1925 2701 2073 2772 Quas
2117 2704 2188 2758 ob
2220 2718 2308 2759 res
2349 2702 2556 2758 factum
2589 2712 2691 2768 est,
2736 2713 2792 2757 ut
2828 2703 2947 2773 ejus
2997 2703 3318 2760 ardentibus
3361 2702 3507 2758 desi·

1926 2787 2097 2851 det-'iis
2126 2801 2195 2851 ex
2231 2810 2369 2866 pura
2420 2796 2687 2865 avidaque
2713 2802 2895 2850 mente
2933 2792 3378 2860 scintillantibus,
3412 2792 3508 2848 ob-'

1927 2884 2244 2944 secundarit
2277 2882 2454 2949 Deus;
2490 2883 2707 2953 sibique
2733 2875 2909 2939 bonor
2929 2891 3185 2948 aeternus,
3210 2883 3503 2952 gloriosus.

1930 2973 2255 3030 immortalis
2280 2973 2659 3046 pullulaverit;
2684 2975 2909 3044 ipsaque
2937 2973 3174 3030 Ecclesia
3198 2984 3254 3029 et
3275 2974 3505 3029 candida

223 3067 450 3139 Agatha
511 3064 730 3135 publice
772 3071 1001 3120 testatus
1048 3069 1228 3128 esset,
1261 3065 1477 3121 erubuit
1519 3080 1685 3137 prope
1716 3073 1823 3121 tam
1852 3085 1899 3146 c
1930 3075 1986 3123 et
2027 3066 2329 3123 rubicunda
2376 3066 2700 3126 mortalibus
2748 3083 2812 3125 ac
2849 3065 3164 3137 coelestibus
3191 3066 3364 3124 oculis
3391 3079 3508 3123 coe·

223 3158 420 3215 nobile
448 3170 659 3226 corpus
685 3156 1008 3222 consistere,
1037 3168 1104 3212 eo
1136 3157 1264 3225 quia
1293 3155 1448 3227 longe
1473 3157 1702 3214 clariora
1733 3174 1832 3228 per

215 3248 364 3305 illud
419 3247 675 3304 facinora
725 3246 782 3303 ln
830 3244 994 3303 terris
1034 3246 1271 3304 edidisse
1312 3247 1578 3319 Agatbam
1626 3264 1830 3320 cogno-

215 3340 454 3406 scebat,
496 3353 661 3411 quam
691 3339 920 3410 ipsemet
955 3354 1126 3410 purus
1153 3351 1315 3413 putus
1345 3342 1567 3412 spiritus
1598 3341 1652 3398 in
1683 3343 1830 3400 coelo

217 3430 782 3493 coutra,draconem
813 3438 1157 3499 patraverat3
1204 3430 1435 3501 ideoque
1476 3431 1680 3488 aeriam
1723 3433 1829 3489 bu·

210 3522 380 3579 mani
445 3520 722 3591 corporis·
755 3519 991 3589 speciem
1031 3535 1235 3578 exuere
1270 3524 1595 3591 maturavit,
1642 3538 1834 3596 nempe

207 3610 421 3668 {assus
454 3624 530 3669 se
554 3623 587 3665 a
615 3608 831 3665 mortali
858 3609 1260 3666 adolescentula
1291 3608 1451 3681 louge
1483 3622 1831 3681 superatum;

203 3716 272 3762 et
301 3705 367 3760 iu
417 3717 604 3760 auras
648 3701 879 3759 evanuit
905 3702 974 3758 ad
1006 3716 1129 3759 eum
1164 3704 1323 3774 plane
1359 3704 1599 3770 modum,
1631 3718 1738 3773 quo
1766 3703 1836 3760 ab

204 3792 404 3850 «iacob
445 3792 774 3865 patriarcba
802 3792 901 3862 1¹⁸,
938 3807 1169 3862 quocum
1199 3793 1391 3849 similis
1417 3793 1640 3865 angelus
1664 3793 1838 3851 lueta-

199 3884 420 3951 batur,
493 3897 600 3939 nee
651 3884 802 3939 illum
848 3897 1108 3957 superare
1158 3894 1408 3954 poterat,
1458 3886 1836 3942 dimissionem

201 3974 390 4043 petiit
441 3987 659 4028 aurora
705 3975 1060 4032 ascendente.
1113 3974 1180 4031 Et
1217 3976 1342 4046 quia
1384 3973 1498 4045 iam
1546 3974 1839 4032 laetissimas

189 4066 476 4136 Agathan
520 4065 707 4120 anima
749 4067 906 4138 quasi
960 4066 1203 4123 coelestis
1241 4081 1305 4124 ac
1356 4082 1511 4124 rosea
1537 4082 1740 4126 aurora
1770 4069 1839 4126 ad

191 4154 470 4213 coetesse
506 4154 784 4227 fastigium
808 4156 1114 4229 soliumque
1134 4158 1320 4228 gloriae
1353 4160 1602 4217 sublimis
1649 4177 1842 4218 ascen-

185 4248 418 4315 debat,
460 4258 811 4320 exueratque
849 4249 961 4319 iant
999 4252 1232 4308 mortale
1266 4234 1485 4324 corpus,
1525 4256 1839 4314 indecorum

183 4340 436 4411 angelo
473 4339 774 4397 videbatur
807 4343 861 4398 in
897 4345 1062 4400 terris
1101 4360 1311 4402 moram
1356 4346 1559 4416 tacere,
1596 4359 1653 4405 et
1692 4364 1841 4405 mor-

1932 3161 2075 3231 perit
2112 3175 2392 3230 apparere.

2003 3251 2095 3306 27.
2128 3250 2301 3308 Hodie
2323 3252 2491 3323 igitur
2514 3251 2819 3315 Christiana
2842 3251 3086 3309 Ecclesia
3115 3266 3236 3308 sese
3261 3260 3511 3318 exornet,

1933 3356 2056 3398 cum
2077 3341 2190 3411 iam
2222 3357 2376 3398 suam
2408 3343 2703 3414 gloriosam
2755 3324 3367 3415 intinxerit‘purpuram
3410 3359 3510 3414 pu·

1935 3435 2172 3491 tissimis
2221 3437 2480 3505 martyris
2528 3435 2754 3503 Agatbae
2784 3435 3117 3501 cruoribus;
3165 3444 3329 3505 atque
3376 3435 3512 3491 adeo

1935 3529 2166 3607 gaudeat
2215 3537 2274 3587 et
2320 3525 2589 3591 exsultet,
2643 3539 2915 3596 canatque
2969 3527 3089 3598 ejus
3128 3525 3387 3583 victorias
3449 3538 3513 3582 ac.

1937 3616 2270 3687 triumphos,
2320 3618 2620 3688 patriaeque
2663 3619 2887 3676 catanae
2937 3618 3156 3688 dignam
3190 3616 3513 3687 gloriatione

1935 3708 2222 3778 praedicet;
2274 3710 2581 3779 orbemque
2653 3718 2926 3765 terrarum
3002 3709 3224 3778 impleat
3288 3707 3512 3778 Agatha

1935 3797 2250 3869 Christique
2283 3799 2521 3855 nominis
2562 3799 2901 3856 celebritate.
2935 3796 3227 3855 Enimvero
3258 3814 3507 3868 quaenam

1936 3898 2119 3947 creata
2148 3906 2235 3946 res
2269 3891 2442 3963 magis
2469 3890 2843 3947 admirabilem
2883 3889 2975 3946 Dei
3010 3889 3305 3959 potentiam
3326 3929 3343 3953 ,
3379 3888 3510 3959 qnid

1939 3969 2115 4052 magis
2161 3981 2562 4051 praedicabilem
2611 3979 2732 4051 ejus
2774 3978 3118 4050 sapientiam,
3166 3978 3296 4049 quid
3341 3977 3515 4048 tuingia

1942 4073 2232 4130 amabilem
2262 4072 2380 4146 cius
2408 4073 2709 4130 honitatem
2739 4072 3011 4137 ostendat,
3040 4085 3206 4141 quam
3250 4070 3303 4125 in
3336 4069 3511 4139 fragili

1941 4163 2275 4221 feminarum
2336 4159 2661 4233 corpusculo
2706 4158 2895 4215 viriles
2946 4158 3157 4215 animos
3211 4167 3375 4228 atque
3420 4158 3516 4214 lie·

1942 4252 2122 4309 roicas
2164 4252 2393 4308 virtutes
2438 4248 2678 4305 intueri?
2718 4246 2867 4303 luter
2908 4247 3139 4303 feminas
3171 4257 3351 4303 antem
3381 4248 3513 4320 quid

1943 4343 2208 4400 illustrius
2240 4343 2506 4407 invenias,
2538 4356 2700 4411 quam
2738 4340 2968 4397 tenellas
2999 4339 3243 4412 vngincs
3277 4338 3385 4394 Deo
3417 4353 3509 4409 pet

181 4430 445 4488 talibus
518 4431 695 4487 oculis
752 4433 936 4490 adbuc
996 4449 1121 4493 sese
1161 4439 1515 4509 conspicuum
1560 4440 1838 4498 exbibet-e.
1868 4417 1921 4479 D
1946 4446 2131 4493 votum
2161 4436 2487 4509 integritatis
2511 4440 2859 4491 consecratas
2884 4432 2909 4486 ἲ
2945 4431 3095 4489 luter
3122 4431 3367 4502 virgines
3386 4444 3519 4489 vero

171 4524 296 4579 Vel
339 4532 546 4579 certe
595 4522 722 4581 buic
770 4526 1000 4595 angelo,
1031 4526 1258 4599 ejusque
1299 4531 1560 4586 celituriae
1588 4531 1799 4590 coelestl
1823 4572 1839 4601 ,

1945 4536 2070 4600 post
2096 4528 2383 4598 Deiparam
2420 4526 2693 4600 Virginem
2736 4525 2868 4597 quid
2902 4523 3277 4581 delectabilius
3304 4524 3419 4593 agit
3460 4525 3514 4578 in

175 4616 342 4671 titud
394 4629 530 4670 usu
576 4614 722 4670 venit
767 4617 835 4671 ad
881 4618 1109 4686 Agatboe
1149 4620 1484 4689 sepulcrum,
1522 4623 1665 4694 quod
1697 4623 1844 4682 binis
1945 4627 2246 4687 stuporem,
2293 4617 2494 4687 quidve
2528 4616 2902 4673 admirabilius
2958 4614 3257 4669 Ecclesiam
3305 4611 3514 4671 Cbristi

159 4706 335 4760 olim
407 4704 773 4772 Seraphim,
805 4704 898 4775 qui
945 4705 1075 4763 dum
1107 4707 1293 4765 divino
1333 4709 1513 4766 Verbo
1553 4711 1839 4767 mortalem

160 4806 476 4848 carnem
565 4802 916 4862 assumpturo
980 4793 1284 4866 angelicum
1343 4796 1478 4854 illud
1533 4797 1841 4871 Trisagium

149 4887 651 4949 concinerent,
710 4884 1060 4956 divinamque
1116 4889 1467 4945 sanctitatem
1526 4889 1575 4947 ei
1633 4892 1840 4962 optime

155 4990 575 5046 congruere
607 4974 1066 5044 conclamarent,
1098 4994 1220 5036 sese
1246 4989 1386 5053 totos
1420 4980 1520 5037 alis
1551 4983 1836 5049 velabant,

143 5067 499 5124 sedentis
557 5066 896 5135 majestatem
945 5077 1001 5124 et
1053 5069 1279 5141 gloriam
1335 5073 1691 5144 contemplari
1737 5089 1837 5130 ne-

143 5168 539 5230 queuntes
560 5157 624 5211 ¹⁸.
675 5156 846 5226 liuius
874 5161 1021 5215 enim
1066 5163 1294 5235 virginis
1328 5174 1528 5221 nostrae
1563 5165 1789 5238 angelus
1812 5205 1829 5232 ,

129 5269 308 5308 eum
415 5257 677 5320 propter
733 5250 1136 5322 integerrimam
1191 5254 1559 5324 virginitatem
1609 5256 1835 5327 Agatha

132 5353 492 5399 utentem
556 5349 798 5396 sanctam
851 5342 1217 5411 declarasset,
1252 5358 1493 5403 sanctam
1540 5351 1668 5403 item
1718 5350 1834 5418 ejus

115 5436 630 5495 voluntatem,
663 5441 886 5502 propter
935 5436 1317 5491 acerbissimos
1371 5439 1643 5492 cruciatus
1697 5439 1833 5493 bila-

115 5541 322 5583 ’,ηπ
372 5536 742 5595 pes-pessos,
781 5524 977 5596 quibus
1018 5526 1242 5582 mit-ilice
1274 5525 1522 5584 Christus
1550 5528 1690 5584 Deus
1719 5539 1831 5588 toto

203 5695 274 5724 ί*
352 5687 567 5741 Gen·
610 5698 780 5747 xxxii,
811 5681 902 5737 26.
982 5682 1024 5714 ²⁸
1068 5680 1169 5737 lsa.
1205 5697 1273 5744 vt,
1312 5682 1440 5741 23.

1946 4709 2199 4776 delectat,
2241 4725 2403 4779 quam
2441 4711 2558 4765 baec
2593 4710 2750 4780 virgo
2779 4707 3076 4780 singularis
3115 4704 3361 4773 Agatha?
3393 4718 3515 4772 quat

1949 4797 2171 4869 quidem
2204 4798 2473 4871 sapientis
2503 4799 2665 4871 Regis
2693 4799 2920 4855 consilio
2961 4799 3249 4859 obsecuta,
3283 4806 3390 4848 non
3423 4807 3517 4847 so-

1945 4887 2057 4944 lum
2079 4890 2147 4944 de
2170 4890 2431 4960 primitiis
2455 4892 2704 4962 corporis
2726 4890 2837 4955 sui,
2864 4890 2959 4946 sed
2979 4889 3144 4944 etiam
3176 4885 3245 4941 de
3270 4895 3381 4939 tota
3412 4897 3513 4939 sua

1945 4982 2249 5038 substantia
2299 4983 2672 5039 honorandum
2713 4982 2815 5037 sibi
2856 4979 3097 5036 decrevit
3144 4976 3338 5032 Deum.
3375 4977 3511 5032 Cum

1942 5072 2090 5130 enim
2120 5071 2473 5128 nobilissimis
2492 5081 2638 5128 esset
2658 5079 2777 5127 orta
2804 5071 3074 5126 natalibus
3104 5068 3159 5125 iu
3194 5069 3326 5124 urbe
3354 5066 3514 5123 Cata-

1945 5162 2236 5227 nensium,
2269 5177 2496 5233 corpore
2536 5161 2934 5232 pulcherrima,
2975 5158 3183 5216 divitiis
3222 5157 3512 5227 opulenta,

1944 5255 2253 5324 eloquentia
2288 5254 2666 5324 sermonisque
2698 5252 2878 5322 lepore
2909 5250 3281 5317 admirabilis,
3316 5251 3514 5305 virtute

1945 5345 2245 5417 prudentias
2273 5344 2562 5414 conspicua
2583 5384 2599 5412 ,
2632 5343 2907 5414 animique
2943 5342 3261 5398 fortitudine
3290 5340 3511 5412 praedita

1938 5436 2199 5505 singulari
2223 5478 2239 5500 ,
2292 5434 2407 5491 brec
2460 5434 2672 5506 aliaque
2722 5434 2969 5504 corporis
3029 5432 3309 5502 animique
3351 5445 3516 5487 orua-

1938 5538 2121 5584 meuta
2168 5526 2376 5597 singula
2409 5526 2628 5583 Christo
2660 5526 2799 5592 Deo,
2832 5524 3059 5597 ejusque
3095 5523 3286 5580 bouori
3314 5530 3370 5577 et
3397 5521 3518 5591 glo-
