3984 6200
251 290 388 360 teta

1409 295 1696 358 ORATIO
1733 296 1818 359 IN
1859 296 1921 357 S.
1962 298 2355 359 AGATHAM.

3373 292 3513 361 1274

248 402 458 471 (ratres
501 398 806 470 fratresque
836 407 1101 473 quotquot
1159 399 1319 457 simul
1360 400 1449 459 hic
1492 403 1730 469 adestis,
1759 417 1823 458 ac
1852 408 1901 466 Α
2001 404 2100 478 (3).
2132 403 2199 460 Et
2231 402 2488 475 quoniam
2531 402 2597 457 de
2623 400 2710 467 iis,
2739 414 2859 471 quae
2888 401 2956 456 ad
2987 400 3188 457 liberos
3214 401 3512 476 gignendos

248 506 413 565 prope
450 506 538 548 me
563 491 804 563 astatis),
835 500 892 547 ut
927 507 995 548 ex
1017 508 1136 549 mea
1173 493 1551 552 taciturnitate
1581 497 1634 550 in
1658 495 1820 551 verba

248 595 587 654 prorumpam
619 581 983 656 attenuatione
1010 592 1309 654 permotus,
1346 595 1402 639 et
1441 583 1699 641 desiderii
1740 586 1820 641 si-

246 673 507 748 lentiique
561 674 663 729 mei
699 675 926 730 vinculis
979 676 1308 731 solutionem
1343 676 1618 734 inveniam
1644 719 1658 745 ,
1720 680 1823 734 hae

244 766 591 822 mettxoranda
626 765 712 820 die
737 775 938 821 sanctae
964 767 1220 839 martyris
1240 765 1462 838 Agatha}
1489 769 1822 825 cruciatibus

243 866 602 924 consecrata;
659 857 914 928 quodque
973 871 1068 912 vos
1119 851 1384 914 attonitos
1438 859 1652 923 reddit,
1720 858 1821 914 hoc

241 947 490 1017 equidem
539 960 606 1001 ex
645 959 763 1001 mea
809 944 892 1000 vel
939 945 1190 1018 loquendi
1237 947 1555 1018 impotentia
1586 948 1820 1005 admira·

241 1037 452 1094 hundos
508 1037 755 1106 eloquar.
812 1034 951 1092 Sunt
999 1038 1223 1103 etenim.
1264 1048 1390 1094 suot
1426 1029 1696 1096 nonnulla!
1732 1056 1820 1098 res

240 1126 463 1182 oznnino
499 1136 696 1198 przeter
749 1124 1059 1198 opinionem
1097 1127 1467 1195 admirabiles,
1512 1145 1634 1201 quie
1680 1131 1822 1187 sicut

242 1217 532 1292 aliquando
571 1217 848 1274 silentium
896 1217 1140 1290 pariunt,
1195 1220 1270 1276 ita
1320 1223 1487 1276 etiam
1526 1221 1820 1292 aliqnando

240 1317 539 1378 suggerunt
568 1307 874 1366 facundiam
903 1326 919 1365 t
948 1310 1093 1379 quod
1124 1320 1413 1382 utrumque
1444 1311 1587 1382 parit
1613 1314 1821 1384 magni-

240 1397 369 1456 tudo
409 1399 690 1465 miraculi,
723 1411 889 1472 atque
928 1399 1047 1471 ipsa
1086 1402 1247 1472 plane
1285 1406 1588 1473 argumenti
1627 1406 1830 1476 ampli2

239 1489 392 1544 tudo.
425 1488 538 1545 Hoc
585 1499 767 1546 autem
815 1491 1091 1561 publicum
1121 1502 1283 1563 atque
1329 1495 1647 1552 inusitatum
1694 1511 1819 1567 spe-

241 1583 513 1636 ctaculum
537 1623 554 1647 ,
587 1582 674 1638 cui
721 1584 807 1639 vel
844 1586 946 1658 ipsi
983 1586 1128 1644 oculi
1167 1584 1371 1641 faciunt
1405 1585 1561 1642 tidem
1600 1583 1820 1660 (quippe

239 1670 398 1726 valde
429 1681 629 1741 praeter
658 1674 968 1743 opinionem
999 1675 1113 1745 iam
1147 1678 1356 1746 pridem
1394 1677 1517 1743 l'uit)
1569 1679 1819 1737 adductis

240 1757 295 1813 in
351 1759 598 1814 medium
657 1762 958 1818 rationibus
1006 1764 1281 1835 explicare
1325 1767 1674 1828 contendam.
1723 1769 1821 1826 Est
1851 1746 1892 1800 B

237 1851 410 1919 enim,
444 1860 530 1906 est
579 1853 720 1909 sicut
751 1853 805 1908 in
843 1853 1159 1926 compositis
1210 1859 1576 1927 sermonibus,
1633 1876 1819 1917 semen

237 1938 486 1998 fecundae
536 1945 818 2016 sapientia:
866 1945 982 2015 ipsa
1029 1959 1425 2018 praeceptorum
1471 1951 1817 2022 observatio,

235 2032 309 2092 ita
344 2035 732 2092 miraculorum
767 2038 1030 2096 exhibitio
1051 2049 1270 2100 emanat
1300 2057 1368 2095 ex
1412 2043 1674 2114 martyrio
1696 2058 1821 2114 pro·

233 2136 359 2196 pter
395 2126 586 2195 Deum,
615 2137 778 2200 atque
800 2144 867 2186 ex
896 2130 1211 2203 virginitate
1239 2143 1294 2187 et
1321 2134 1559 2202 puritate
1594 2134 1818 2202 mentis,

231 2231 360 2287 quoe
420 2227 547 2274 sunt
592 2233 719 2274 vera
772 2218 1085 2276 divinarum
1135 2222 1395 2278 virtutum
1455 2224 1816 2283 imitamenta.

232 2305 395 2374 Quod
431 2306 597 2376 igitur
640 2307 708 2364 ad
759 2310 1150 2366 miraculorum
1199 2309 1539 2368 effectionem
1587 2324 1818 2384 spectat,

230 2396 329 2454 sub
378 2395 540 2478 tinem
597 2398 752 2454 vobis
804 2399 1125 2457 edisseram.
1154 2399 1309 2458 Nunc
1353 2418 1505 2473 vero,
1534 2416 1590 2459 ut
1613 2407 1819 2477 princi-

231 2487 391 2557 pium
425 2487 681 2544 narrandi
723 2485 944 2556 (liciam,
979 2490 1153 2560 ipsam
1201 2503 1501 2564 martyrem
1538 2511 1818 2556 commen-

233 2577 411 2642 dab03
469 2592 590 2650 quae
641 2580 888 2652 quidem,
939 2583 1016 2639 uti
1049 2582 1323 2653 dicebam,
1381 2585 1502 2643 sotis
1542 2599 1821 2661 ematque

231 2669 396 2740 origo
419 2669 848 2742 miraculos-unu
878 2681 933 2728 et
962 2674 1197 2750 primum
1227 2679 1446 2747 quidem
1488 2682 1735 2749 ubinam,
1767 2693 1824 2740 et

229 2775 408 2832 quam
434 2761 503 2815 ob
519 2776 736 2818 cansam
762 2766 1136 2831 convenImus,
1168 2769 1324 2836 plane
1356 2771 1674 2828 edisseram.

297 2851 366 2908 2.
397 2853 793 2910 Anniversaria
840 2866 1044 2913 saneta*
1071 2862 1333 2933 martyris
1373 2866 1820 2922 conmemoratio

231 2945 287 3002 in
311 2961 490 3001 unum
521 2946 668 3002 hunc
694 2947 874 3004 locum
901 2964 1002 3006 nos
1022 2967 1211 3008 omnes
1230 2954 1469 3027 collegit,
1500 2959 1818 3024 utnostiS,o

233 3037 340 3094 mci
371 3038 677 3108 auditores,
707 3040 948 3111 antiquae
976 3042 1196 3113 quidem
1226 3049 1484 3123 martyris
1509 3059 1563 3104 et
1611 3049 1817 3121 prima-

233 3136 332 3190 τῖε
383 3144 606 3206 propter
651 3134 865 3205 insigne
897 3145 1202 3205 certamen,
1260 3141 1357 3196 sed
1393 3158 1521 3197 vero
1562 3140 1816 3211 receutiS,

233 3240 358 3296 quae
389 3224 550 3297 quasi
608 3241 752 3282 nunc
788 3227 1117 3285 decertando
1147 3230 1330 3297 vincat
1361 3243 1585 3303 propter
1639 3226 1817 3301 disina

234 3318 526 3381 miracula,
575 3318 771 3387 quibus
812 3318 1060 3389 quotidie
1114 3331 1433 3389 coronatur,
1485 3323 1821 3395 pulchreque

234 3410 556 3471 decoratur.
583 3409 859 3481 Martyris,
883 3425 1004 3481 quae
1030 3423 1337 3481 opportuno
1365 3414 1585 3483 quidem
1617 3424 1822 3485 tempo-

236 3518 295 3559 re
318 3501 566 3558 ostendit
598 3501 803 3557 amoris
834 3503 1088 3559 ardorem
1123 3503 1208 3558 sni
1239 3519 1366 3570 erga
1399 3506 1591 3571 Deum,
1645 3506 1819 3562 conti-

233 3592 365 3651 nuis
390 3606 519 3646 vero
549 3589 960 3660 tempestatibus
993 3590 1047 3645 ln
1085 3606 1247 3646 manu
1299 3576 1465 3647 habet
1529 3593 1822 3650 miraculo-

236 3699 360 3739 rum
386 3682 466 3754 (l)
495 3690 817 3753 potestatem
844 3691 900 3737 et
923 3679 1265 3738 efficientiam
1285 3698 1381 3752 pro
1404 3681 1553 3751 insta
1572 3699 1825 3739 remune-

240 3776 457 3829 ratione
478 3791 494 3839 ;
515 3771 954 3841 quandoquidem
977 3780 1030 3827 et
1054 3770 1211 3827 fortis
1237 3757 1404 3826 autimi
1431 3773 1821 3845 promptitudo,

237 3883 348 3939 qua
380 3865 604 3936 praedita
634 3875 776 3930 erat,
802 3872 858 3920 et
895 3878 1122 3937 corpore
1150 3871 1372 3934 propter
1404 3863 1574 3920 Deum
1610 3866 1823 3935 penitus

239 3960 503 4021 dilectum
558 3957 891 4021 declaratur,
932 3965 989 4010 ιιι
1024 3969 1360 4026 quaecunque
1389 3955 1696 4026 acciperet,
1737 3972 1822 4012 re-

240 4050 533 4107 tribwret.
570 4044 671 4102 Dat
703 4046 920 4117 quidem
947 4043 1036 4104 itta
1065 4059 1302 4125 corpus,
1318 4056 1373 4100 et
1397 4044 1610 4100 firmum
1644 4045 1828 4105 liberte

238 4139 538 4197 voluntatis
561 4136 919 4209 propositum,
952 4145 1126 4207 atque
1159 4137 1273 4192 haec
1317 4152 1346 4191 a
1382 4136 1492 4192 Deo
1534 4139 1824 4197 obfirmata

235 4231 394 4303 iuxta
440 4229 680 4285 divinam
732 4227 1074 4293 electionem,
1127 4228 1321 4300 recipit
1366 4239 1547 4285 autem
1589 4231 1824 4289 nominis

237 4321 572 4383 claritatem,
614 4329 669 4374 et
717 4319 923 4391 regium
949 4319 1224 4385 diadema,
1284 4318 1547 4375 illustrior
1601 4319 1822 4386 effecta,

1922 497 2213 565 pertinent,
2233 495 2480 560 memini,
2499 496 2671 564 deque
2687 492 2835 563 regio
2854 492 3159 548 diademate
3178 495 3510 550 intentionem

1920 585 2048 653 feci,
2107 587 2294 642 dicere
2341 585 2455 655 jam
2493 585 2773 654 incipiam.
2812 581 3005 638 Mulier
3036 584 3252 652 quidem
3282 594 3370 640 est
3412 599 3511 654 pet·

1921 677 2091 733 solam
2127 689 2412 743 naturam,
2449 692 2557 733 uon
2600 675 2819 746 quidem
2858 689 2955 745 per
2994 673 3341 744 electionem,
3370 676 3513 732 sicut

1929 770 2197 837 reliquum
2222 769 2552 823 [eunitarum
2595 767 2757 837 273
2815 781 3015 836 genus;
3042 781 3310 842 quarunt,
3350 766 3509 834 quasi

1921 861 2361 932 praesagiendum
2400 861 2605 926 sutura,
2639 860 2975 918 cotisuetudo
2998 859 3160 914 etiam
3197 858 3252 913 in
3282 856 3510 913 ludicris

1921 953 2256 1024 puellaribus
2289 967 2513 1023 operam
2548 961 2718 1007 navat
2750 951 2937 1006 liberis
2968 950 3267 1006 educandis
3296 965 3361 1005 ae
3409 965 3512 1005 nu-

1924 1043 2152 1099 triendis
2184 1061 2199 1098 ε
2228 1045 2327 1097 'sed
2354 1043 2533 1111 virgo,
2560 1056 2681 1112 qnae
2714 1057 2780 1096 ne
2814 1041 3050 1096 ludendo
3082 1041 3301 1114 quidem
3350 1040 3507 1111 puel·

1923 1133 2066 1188 lares
2097 1133 2327 1203 ineptias
2379 1133 2673 1203 aliquando
2715 1131 2967 1203 emungere
3009 1132 3121 1186 visa
3146 1142 3258 1186 est.
3293 1129 3508 1196 Mulier,

1920 1222 2058 1300 dixi,
2088 1224 2182 1277 sed
2223 1223 2426 1287 addidi,
2461 1222 2631 1290 virgo.
2678 1220 2870 1276 Mulier
2918 1221 3136 1292 quidem
3166 1262 3182 1288 ,
3217 1228 3508 1291 propterea

1922 1316 2064 1386 quod
2094 1331 2123 1369 a
2148 1316 2419 1386 principio
2455 1316 2522 1370 ab
2553 1318 2800 1386 sapiente
2827 1314 2997 1369 Adam
3037 1312 3349 1385 (eratenim
3380 1303 3510 1366 tuffo

1922 1422 2048 1464 vere
2069 1409 2321 1478 sapiens,
2367 1408 2566 1478 quippe
2613 1407 2851 1462 nondum
2889 1407 2939 1461 io
2988 1414 3269 1477 peccatum
3298 1404 3506 1473 lapsus)

1922 1499 2233 1571 impositum
2290 1500 2392 1556 hoe
2431 1514 2630 1556 nomen
2657 1499 2774 1554 suit.
2806 1499 3065 1555 Scribens
3098 1498 3241 1553 euim
3272 1495 3506 1567 Moyses.

1923 1592 2159 1662 ingenue
2220 1589 2388 1646 etiam
2460 1589 2697 1643 nominis
2753 1586 3257 1655 interpretationem
3280 1624 3295 1650 ,
3342 1599 3507 1655 qnazn

1922 1681 2167 1736 Adamus
2188 1681 2419 1746 addidit,
2452 1679 2731 1743 indicavit,
2769 1679 2951 1733 dicens
2978 1696 2991 1732 ε
3032 1676 3157 1730 lla’c
3189 1684 3406 1731 vocatur
3430 1674 3511 1729 υἱ·

1923 1784 2071 1838 tayo,
2106 1769 2359 1839 quoniam
2391 1783 2456 1823 ex
2498 1766 2607 1821 viro
2638 1775 2849 1835 sumpta
2893 1775 2967 1820 est
3013 1764 3071 1832 ι;
3108 1763 3273 1833 Virgo
3300 1772 3504 1829 autem,

1922 1861 2166 1931 quodex
2193 1859 2519 1924 immortalis
2568 1851 2659 1913 oet
2696 1855 2850 1911 Verbi
2881 1856 3045 1927 (quod
3077 1854 3241 1908 etiam
3285 1859 3506 1923 propter

1923 1965 2011 2006 me
2047 1951 2294 2022 incarne
2325 1965 2421 2004 sua
2457 1957 2684 2014 mortem
2718 1948 2980 2018 gnstavit)
3016 1946 3359 2014 indivisoque
3411 1942 3506 1998 Dei

1921 2041 2062 2097 Filio
2084 2050 2206 2096 nata
2232 2050 2339 2108 est,
2371 2050 2428 2095 ut
2454 2039 3021 2110 loquitur'l'haologus
3048 2036 3306 2098 loannes,
3336 2034 3507 2101 Quot·

1921 2144 2049 2206 quot
2111 2145 2293 2202 autent
2342 2143 2644 2200 receperunt
2695 2147 2836 2193 eum,
2878 2130 3023 2183 dedit
3079 2129 3155 2181 eis
3194 2136 3509 2196 potestatem

1921 2228 2063 2296 filios
2105 2225 2199 2280 Dei
2245 2225 2430 2296 ῥεῖν,
2460 2234 2573 2278 etc.
2608 2220 2801 2275 Mulier
2826 2218 2991 2289 igitur
3024 2217 3203 2286 virgo,
3237 2231 3358 2285 qnae
3413 2230 3508 2270 vos

1922 2316 2178 2376 invitavit
2213 2318 2281 2372 ad
2333 2324 2579 2371 nostrum
2639 2311 2955 2381 religiosum·
2999 2308 3253 2378 epulum,
3288 2306 3380 2360 illa
3421 2313 3510 2362 est

1922 2411 2116 2470 mulier
2147 2412 2285 2466 bene
2345 2409 2610 2477 desponsa
2645 2405 2737 2457 nm·
2767 2402 2887 2456 viro
2920 2400 3140 2456 Christo
3172 2399 3213 2462 ⁸,
3241 2407 3296 2454 ut
3326 2398 3507 2453 verbis

1922 2511 2045 2570 utar
2091 2500 2319 2569 apostoli
2356 2496 2505 2552 Pauli
2537 2495 2603 2549 de
2625 2492 2844 2547 thalami
2878 2489 3261 2559 conjunctione
3284 2508 3299 2558 ;
3321 2489 3506 2559 Virgo.

1922 2594 2010 2647 cui
2043 2594 2211 2646 etiam
2255 2591 2368 2657 ipse
2399 2586 2635 2655 conjugii
2670 2599 2879 2654 aruspex
2924 2598 3030 2637 non
3070 2583 3298 2638 incussit
3351 2581 3512 2636 tirno-

1924 2691 2278 2754 rem„utrum
2303 2678 2664 2745 deciperetur,
2693 2673 2977 2730 sieutolim
3002 2672 3137 2727 aviae
3161 2680 3358 2729 nostrae
3386 2671 3511 2726 Eva}

1922 2773 2158 2829 Satanas
2189 2785 2285 2842 per
2313 2767 2638 2824 insidiosum
2671 2773 3008 2837 serpentem.
3043 2762 3257 2827 Mulier,
3284 2776 3404 2830 quae
3432 2775 3502 2815 ne

1921 2874 2105 2920 notam
2128 2862 2347 2933 quidem
2383 2858 2601 2915 inflicta}
2620 2857 2721 2912 sibi
2756 2873 2786 2912 a
2821 2856 2984 2912 Decio
3010 2853 3182 2910 refert
3212 2851 3506 2907 laceratio-

1921 2959 2007 3013 nis
2045 2976 2059 3011 ι
2093 2957 2282 3026 Virgo,
2332 2968 2455 3024 qum
2486 2950 2808 3007 vulneribus
2854 2965 2886 3004 a
2928 2948 3229 3016 Quintiano
3282 2944 3503 3010 affecta,

1920 3041 2247 3104 dissimulat.
2277 3044 2494 3111 Mulier,
2524 3058 2645 3116 qnae
2678 3042 3087 3115 tyrannicorum
3138 3036 3362 3111 ponderi
3387 3035 3504 3091 edi·

1922 3148 2130 3195 etot-um
2181 3154 2286 3193 non
2344 3152 2404 3193 se
2458 3134 2745 3199 submisit:
2799 3134 2969 3205 virgo,
3017 3147 3137 3205 quae
3188 3130 3499 3200 principum

1924 3240 2098 3285 (estro
2160 3229 2492 3300 percitos-um
2523 3224 2910 3295 rabido-furori
2952 3239 3058 3280 nou
3090 3222 3274 3279 cessit.
3294 3219 3512 3285 Mulier,

1921 3335 2044 3390 quae
2075 3321 2129 3374 in
2162 3326 2486 3388 tempestate
2534 3318 2970 3387 imperiosiorum
3023 3313 3284 3371 fluctuum
3335 3313 3511 3368 haud-

1923 3426 2199 3482 quaquam
2220 3409 2559 3479 naufragium
2595 3408 2760 3474 secit3
2791 3408 2969 3477 virgo,
2993 3423 3113 3476 qna)
3148 3407 3201 3461 in
3236 3405 3370 3460 retia
3410 3418 3510 3476 ge-

1923 3503 2164 3557 rentium
2193 3500 2560 3572 principatum
2595 3515 2700 3555 non
2734 3499 2951 3555 incidit.
2988 3498 3198 3564 Mulier,
3235 3514 3356 3567 quat
3404 3498 3511 3553 sert

1918 3593 2147 3664 justitiae
2189 3592 2372 3662 leges;
2433 3592 2608 3663 virgo,
2639 3607 2757 3660 quae
2793 3592 3010 3661 propria
3056 3591 3297 3646 scrihere
3336 3604 3500 3645 tnanu

1922 3699 2083 3740 suum
2110 3699 2217 3738 non
2242 3692 2460 3739 veretur
2490 3682 2819 3737 institutum.
2853 3679 3064 3746 Mulier,
3097 3695 3218 3751 quae
3246 3679 3508 3735 tumidum

1923 3773 2195 3841 superbia:
2246 3772 2454 3828 fastum
2507 3771 2854 3842 sumugavin
2900 3772 3073 3840 virgo,
3110 3785 3231 3841 quae
3258 3771 3513 3839 martyris

1922 3879 2142 3920 cursum
2176 3874 2399 3920 strenue
2435 3864 2663 3935 peregit.
2701 3861 2913 3929 Mulier,
2939 3877 3061 3933 quae
3112 3876 3219 3915 non
3273 3875 3513 3931 purpura

1923 3956 2028 4029 (Ξ),
2061 3957 2366 4027 locatisque
2390 3954 2622 4020 umbris,
2646 3964 2703 4010 et
2724 3954 3045 4009 velamentis
3076 3953 3251 4008 vultus
3277 3950 3511 4008 ferinam

1923 4047 2145 4105 mentiri
2170 4062 2325 4103 suam
2358 4062 2513 4117 passa
2541 4055 2647 4112 est,
2681 4059 2863 4115 neque
2895 4044 3327 4110 medicamentis,
3354 4052 3409 4099 et
3438 4057 3511 4101 ex

1924 4139 2049 4194 vivo
2075 4150 2299 4212 argento
2354 4138 2640 4202 conlectis,
2672 4147 2889 4203 vestes,
2927 4152 3293 4208 manuumque
3323 4136 3505 4192 linea·

1926 4239 2110 4285 menta
2153 4231 2409 4297 inlicere;
2458 4229 2553 4284 sed
2619 4230 2792 4297 virgo,
2829 4240 2951 4299 qua
2980 4226 3329 4282 conscientiae
3364 4242 3393 4281 a
3426 4225 3508 4280 lu-

1927 4323 2099 4388 mine,
2138 4323 2437 4393 coioreque
2482 4320 2769 4391 sauguinis
2802 4318 2917 4373 veri
2954 4318 3239 4390 divinique
3277 4316 3418 4390 Agni
3455 4327 3513 4375 ut

235 4426 410 4483 quam
462 4409 511 4466 si
558 4408 699 4466 tilios
741 4414 833 4464 ant
885 4408 1024 4464 (ilias
1076 4417 1439 4478 procreasset,
1475 4416 1639 4481 atquc
1677 4407 1815 4466 adeo
1856 4420 1896 4475 n
1925 4410 2069 4465 labia
2097 4424 2197 4465 sua
2232 4420 2286 4466 et
2314 4425 2484 4481 genas
2524 4419 2578 4464 et
2613 4409 2851 4474 linguam
2880 4407 3300 4477 purpurissabat
3344 4422 3512 4463 exor-

238 4500 396 4561 omni
430 4500 595 4573 prolis
629 4499 782 4559 t'oeda.
811 4500 1088 4570 voluptate
1124 4500 1381 4571 despecta
1410 4499 1723 4558 sublimior.

315 4662 333 4695 ¹
376 4660 515 4717 Gen.
548 4673 610 4724 u.
645 4656 738 4714 23.
836 4654 1037 4713 stoan.
1081 4673 1119 4724 ι,
1161 4658 1248 4714 ¹2.
1337 4658 1359 4689 ²
1398 4657 1438 4712 ll
1476 4657 1600 4714 Cor.
1639 4675 1716 4726 xi,
1752 4658 1808 4713 Ξ.

321 4798 402 4869 (t)
441 4795 579 4851 ilinc
601 4803 751 4865 patet
778 4794 943 4851 multa
969 4794 1099 4849 olim
1125 4804 1334 4850 sanctas
1355 4794 1580 4864 Agathan
1603 4796 1815 4850 nieritis

244 4869 518 4925 accidisse
542 4867 824 4931 miracula,
856 4880 980 4919 cum
1003 4874 1200 4933 praeter
1227 4866 1278 4919 id
1318 4864 1462 4933 qnod
1497 4865 1551 4919 in
1595 4879 1719 4931 repr
1743 4884 1814 4917 at-

247 4942 331 4994 sis
363 4936 592 4993 AEtnaeis
623 4934 836 5007 ignibus
869 4935 1057 5001 eluxit,
1088 4934 1292 4988 nulluin
1313 4934 1473 4988 modo
1500 4940 1673 4989 exstet
1695 4949 1822 4989 ante

250 5008 458 5062 relatas
493 5002 958 5075 Constantinopoli
995 5003 1255 5073 reliquias
1286 5005 1509 5058 iactum.

326 5074 406 5147 (9.)
427 5075 699 5143 conjicias
736 5075 883 5137 hinc,
923 5085 1088 5143 atrine
1116 5090 1181 5127 ex
1225 5074 1374 5128 Actis
1393 5072 1624 5135 Latinis,
1651 5074 1736 5126 ubi
1771 5076 1818 5128 ei

247 5147 831 5216 exprobrattyrannus
853 5144 996 5213 qtrod
1028 5144 1279 5199 servilem
1314 5158 1602 5213 personam
1632 5142 1820 5198 indue·

253 5216 352 5276 rit.
376 5228 518 5281 eant,
545 5231 650 5269 nou
692 5216 932 5284 quidem,
965 5224 1023 5267 ut
1055 5228 1176 5284 quie
1208 5229 1351 5267 nunc
1379 5224 1583 5269 sanctae
1611 5215 1819 5267 numia-

254 5286 370 5341 lem
398 5286 560 5343 vitam
592 5287 914 5353 promentur
939 5284 1197 5364 virgines,
1235 5284 1325 5338 vili
1350 5284 1648 5340 induuntur
1667 5284 1820 5338 iuthi·

257 5364 342 5421 ιιι,
370 5356 460 5426 qui
495 5363 673 5409 tamen
699 5355 841 5427 apud
877 5354 1091 5407 virtutis
1131 5366 1287 5409 veros
1313 5354 1656 5408 cstitnatores
1697 5369 1827 5423 per-

259 5423 594 5481 honorineus
621 5434 728 5489 est,
769 5425 844 5479 ita
872 5434 982 5477 tum
1020 5421 1195 5493 palam
1247 5438 1429 5478 rerum
1460 5424 1826 5478 burnanarum

253 5503 626 5566 contemptum
673 5493 806 5561 ipsis
849 5492 1186 5547 vestimentis
1215 5502 1590 5558 ostentantes3
1639 5493 1826 5548 luxum

257 5571 445 5620 tamen
475 5564 848 5644 mundumque
878 5561 1195 5618 muliebrem
1237 5571 1570 5625 aversatam,
1609 5578 1672 5618 ac
1712 5578 1829 5618 mo·

259 5630 423 5686 desto
462 5648 614 5690 usam
664 5644 889 5689 amictu.
943 5629 1365 5686 concionator-ae
1414 5631 1465 5685 id
1504 5646 1831 5701 exagerasse

256 5701 476 5761 videtur
511 5715 732 5761 sanictos
774 5701 1084 5758 Vincentius
1129 5700 1414 5758 ferrerius
1464 5701 1519 5757 iu
1571 5716 1735 5759 serm.
1761 5702 1828 5758 de

1934 4505 2251 4573 trahatque:
2286 4517 2497 4557 necnon
2542 4500 2708 4557 etiam
2756 4500 3011 4557 continua
3054 4500 3250 4555 mentis
3276 4515 3388 4556 suae
3427 4515 3516 4555 co·

1929 4808 2121 4850 sancta
2149 4795 2403 4866 Agatha:
2441 4812 2458 4846 ι
2505 4792 2739 4849 Mortuis
2772 4790 3110 4862 parentibus,
3168 4787 3367 4855 inquit,
3420 4803 3507 4842 re·

1928 4866 2133 4921 mansit
2160 4868 2334 4920 haeres
2370 4865 2516 4920 illius
2554 4878 2639 4917 ma
2682 4864 2736 4916 ni
2774 4860 2961 4933 palatii
3010 4858 3184 4928 patris
3211 4857 3293 4912 sui
3326 4877 3342 4913 z
3386 4873 3513 4926 quae

1927 4935 2177 5007 exemplo
2236 4932 2443 4993 Christi
2488 4931 2652 4988 dimis
2679 4941 2697 4987 t
2727 4930 2988 5003 palatium
3042 4929 3214 4997 patris
3252 4938 3308 5009 et
3345 4940 3510 5009 orna·

1930 5015 2113 5060 nwnta
2145 5015 2200 5060 et
2239 5020 2367 5059 vasa
2407 5018 2574 5058 aurea
2615 5010 2672 5057 et
2717 5010 2997 5071 argentea,
3046 5006 3102 5053 et
3138 5006 3421 5054 rostrmxtt
3450 5010 3515 5052 so

1928 5074 1983 5129 in
2018 5075 2251 5145 quadam
2285 5089 2447 5144 parva
2481 5075 2663 5133 donno,
2712 5081 2771 5125 ut
2815 5069 3041 5137 simplex
3074 5082 3308 5139 persona
3351 5085 3366 5122 ι
3403 5086 3425 5120 ι
3455 5076 3511 5123 et

1929 5145 2119 5267 Baucis
2169 5143 2473 5209 interjecti-t
2506 5161 2519 5196 ε
2558 5160 2577 5193 t
2620 5139 2806 5196 Voluit
2858 5140 3007 5195 indui
3050 5139 3401 5209 pauperrime
3440 5147 3499 5193 ut

1974 5216 2196 5282 agnina,
2237 5225 2291 5269 et
2318 5214 2482 5268 dabat
2519 5211 2906 5282 patrimonium
2954 5209 3290 5279 pauperibus
3319 5222 3509 5262 amore

1929 5283 2047 5347 Dei,
2088 5295 2144 5339 et
2194 5286 2409 5338 vivebat
2456 5284 2691 5352 propriis
2738 5279 3009 5343 manibus,
3066 5279 3255 5346 tilavit,
3287 5279 3419 5341 suit,
3453 5287 3511 5333 et

1928 5355 2124 5418 texuit,
2149 5356 2276 5426 qnia
2307 5352 2483 5407 nullus
2507 5361 2687 5420 potest
2721 5350 2979 5405 continue
3016 5362 3199 5405 orare.
3238 5366 3257 5402 ι
3296 5346 3509 5403 Proba·

1928 5422 2089 5477 bilius
2125 5424 2262 5478 forte
2297 5421 2496 5478 Paulus
2522 5420 2772 5477 AEmilius
2814 5420 3177 5475 Sanctorius:
3217 5437 3236 5471 ι
3281 5416 3399 5472 Nou
3424 5418 3506 5473 si-

1928 5494 2113 5549 nuosis
2144 5494 2221 5548 uti
2270 5494 2531 5559 vestibus,
2565 5507 2670 5545 non
2702 5505 2912 5561 gemma
2935 5488 3191 5559 capillum
3222 5488 3507 5558 insignire,

1926 5571 2021 5616 aut
2049 5574 2327 5633 unguento
2351 5564 2532 5627 linire,
2579 5560 2674 5617 sed
2707 5561 2888 5616 serico
2921 5577 2936 5612 z
2966 5560 3175 5614 anthini
3206 5558 3324 5614 velo
3352 5561 3505 5613 coto·

1927 5633 2004 5687 ris
2056 5631 2221 5757 §quod
2274 5635 2452 5689 adbuc
2506 5632 2799 5699 aspicimus
2835 5628 3078 5698 Catauae)
3125 5629 3431 5700 obtegere:
3476 5646 3499 5681 a

1928 5703 2017 5758 ubi
2082 5718 2243 5758 uxum
2294 5712 2553 5771 removet,
2592 5702 2924 5757 moderatum
2961 5700 3192 5756 nitorem
3246 5699 3507 5756 admittit.
