3984 6200
527 317 666 382 1275

1548 321 1609 381 S.
1649 321 2033 381 METHODII
2071 318 2572 381 PATRIARCHAE
2608 319 2718 381 (ΣΡ.

3601 313 3711 383 1²35

526 425 772 496 gnitioue
810 435 1000 479 necem
1039 423 1122 478 sni
1153 425 1393 479 stutlimi
1429 428 1714 489 amatoris,
1740 428 1894 496 qnasi
1931 441 2104 497 nuper
2131 428 2175 484 Δ
2203 444 2331 484 num
2364 429 2708 497 liberumque
2728 422 3065 493 propositum
3084 425 3715 492 pammawemdno·

465 585 476 592 ,
525 517 792 585 sanguine
825 515 1123 581 madentis,
1155 515 1489 581 revolvebat,
1533 515 1789 585 intusque
1816 515 2109 571 circumse-

525 612 720 675 rebat;
750 617 807 662 ut
856 607 973 663 haec
1006 607 1144 662 stola
1178 607 1300 678 eius
1349 605 1714 662 confessionis
1759 621 1866 662 non
1927 608 2104 664 solum

526 699 870 755 indelebilem
899 696 1069 754 ferret
1097 699 1300 754 Christi
1325 707 1512 755 notam
1538 699 1796 768 purpurei
1821 699 2107 769 sanguinis

526 791 635 846 alte
686 788 798 859 jam
848 790 1102 855 imbibiti‚
1155 789 1436 845 sedetiam
1465 789 1740 858 virginalis
1780 788 2109 860 eloquentiae

527 883 816 939 thesauros
838 883 915 954 (5)
936 881 1349 938 advenientibus
1369 881 1609 950 posteris
1653 880 1929 952 elegantes
1956 882 2107 952 ejus-

530 975 672 1028 modi
701 974 914 1029 colores
935 987 1040 1027 una
1066 986 1190 1027 cum
1212 987 1319 1027 non
1346 970 1633 1027 deficiente
1651 974 1946 1028 verborum
1976 985 2106 1029 sca·

530 1064 763 1134 turigine
797 1062 1118 1133 impartiret.

596 1153 651 1207 4.
704 1151 829 1207 llaec
861 1152 1043 1221 itaque
1086 1165 1214 1207 vere
1244 1150 1409 1217 bona,
1435 1151 1631 1222 quippe
1665 1150 1763 1206 oei
1796 1165 1927 1223 pars
1966 1150 2109 1207 essi·

526 1252 698 1308 stens,
719 1243 897 1299 eidem
923 1258 1123 1312 sponso
1162 1257 1284 1308 suo,
1314 1252 1370 1297 et
1401 1257 1589 1297 rursus
1619 1242 1776 1298 nobis
1805 1241 1932 1297 boni
1962 1256 2107 1297 com·

525 1330 801 1395 munione‚
833 1344 940 1400 qua
975 1329 1215 1384 nominis
1243 1331 1334 1384 sui
1374 1329 1484 1384 rim
1544 1329 2111 1399 significationemque

524 1420 714 1488 refert,
745 1422 954 1491 Agatha
983 1419 1086 1492 (4),
1123 1421 1192 1476 ab
1231 1422 1349 1490 ipso
1371 1420 1631 1475 bonitatis
1657 1420 1804 1475 fonte
1827 1419 1935 1474 Deo
1973 1434 2107 1475 con-

522 1525 702 1574 cessa.
723 1511 973 1581 donoque
997 1511 1148 1568 data.
1180 1511 1320 1578 Quid
1347 1520 1528 1566 autem
1565 1510 1737 1580 magis
1775 1509 2103 1576 beneficum,

523 1616 688 1672 quam
720 1615 989 1657 summum
1034 1599 1272 1655 bonum?
1308 1608 1364 1655 et
1387 1601 1518 1671 quid
1533 1600 1703 1671 magis
1719 1598 2109 1657 celebrandum

523 1689 742 1745 laudum
797 1691 1086 1761 praeconiis
1126 1691 1401 1762 quispiam
1444 1691 1716 1755 iuveniat,
1744 1707 1904 1764 quam
1955 1693 2103 1762 Aga·

2207 517 2336 571 dum
2360 514 2523 587 Virgo
2546 525 2732 571 nostra
2784 511 3011 569 Domina
3048 505 3409 565 habitaculum
3452 508 3717 572 Beiefleeta

2206 606 2327 663 tuit.
2357 607 2441 663 Ab
2472 607 2575 662 hac
2599 605 2746 661 enim
2774 604 2891 674 ipsa
2923 610 2978 658 et
3024 601 3186 658 unica
3226 597 3443 654 Domina
3492 613 3541 657 et
3572 604 3719 675 virgi-

2208 697 2523 754 numllatre
2554 697 2808 766 Deipara,
2832 701 2887 749 et
2916 692 3087 749 Matre
3112 691 3337 762 Virgine
3363 691 3471 747 bac
3501 692 3718 766 discipula

2207 789 2466 847 etancilla
2493 789 2576 860 (ut
2600 788 2677 844 ita
2716 785 2918 856 dicam)
2950 784 3192 864 Deiparae
3229 783 3360 848 lilia,
3409 783 3613 841 Domino
3640 802 3723 846 sao

2205 890 2261 938 et
2290 881 2421 948 Deo,
2454 890 2510 937 et
2531 895 2711 936 rerum
2731 879 2974 936 omnium
2998 869 3192 948 opifici
3222 889 3343 932 sese
3379 888 3609 946 sponsam
3634 886 3725 934 tra·

2206 963 2336 1029 de're
2372 971 2579 1028 didicit.

2276 1062 2333 1121 6.
2392 1061 2603 1132 Agatha
2660 1059 2826 1132 igitur
2883 1070 3073 1114 revera
3127 1057 3292 1122 bona,
3340 1067 3395 1113 et
3408 1056 3527 1128 jure
3554 1059 3726 1130 optimo

2208 1152 2319 1212 Deo
2350 1152 2659 1223 gratissima
2690 1149 2891 1213 amica.
2934 1147 3049 1203 baec
3085 1146 3311 1216 pertulit
3334 1145 3539 1216 quidem
3562 1155 3616 1201 ut
3636 1163 3729 1202 tau·

2205 1244 2307 1301 ller
2335 1252 2503 1309 esset,
2536 1251 2593 1297 et
2621 1241 2689 1298 ad
2719 1239 3015 1297 liberorum
3056 1237 3479 1310 procreationem
3514 1251 3608 1293 non
3636 1238 3729 1296 loe·

2207 1347 2334 1409 pta3
2386 1349 2575 1390 verum
2613 1341 2673 1389 ut
2727 1329 3093 1402 virginitatem
3145 1343 3304 1385 suam
3353 1327 3645 1394 custodiret.
3688 1339 3730 1384 et

2206 1425 2434 1482 summis
2484 1422 2631 1478 votis
2683 1420 2984 1491 exoptavit,
3011 1428 3067 1474 et
3098 1419 3324 1474 omnino
3351 1415 3599 1498 decrevit.
3621 1414 3729 1473 Cata

2206 1519 2372 1590 igitur
2400 1516 2611 1571 audiret
2642 1513 2902 1583 scriptum
2944 1509 3224 1582 quoddam
3255 1506 3405 1563 Decii
3434 1508 3733 1577 imperatoris

2205 1626 2304 1681 per
2334 1619 2505 1665 totam
2537 1607 2837 1661 itomanam
2864 1602 3124 1658 ditionem
3160 1600 3367 1672 passim
3393 1597 3609 1669 vulgari,
3628 1598 3731 1654 illati

2206 1701 2415 1771 Agatha
2445 1699 2670 1755 derisit:
2717 1710 2953 1767 cumque
2999 1694 3149 1750 vetut
3193 1692 3398 1747 ostium
3450 1691 3610 1746 ventis
3634 1704 3739 1761 per-

526 1778 715 1833 tltatnl
743 1779 977 1849 Agatha,
1008 1781 1164 1851 cujus
1195 1782 1410 1836 bonitas
1446 1780 1512 1834 ad
1543 1796 1762 1848 nomen,
1796 1782 1862 1836 ael
1895 1781 2101 1851 ipsam·
2132 1778 2177 1833 tt
2208 1793 2465 1848 mmmm,
2516 1789 2743 1847 humant
2795 1799 3095 1843 consensu,
3132 1784 3466 1850 obseramt,
3518 1781 3608 1851 ῑρςῑ
3649 1797 3729 1836 ῃ..

524 1885 638 1941 que
661 1886 774 1925 rem
804 1872 1039 1941 quadrat
1061 1890 1082 1939 ;,
1109 1873 1343 1943 Agatha,
1373 1887 1492 1942 quae
1532 1873 1696 1929 rebus
1721 1873 1982 1942 pra-chre
2012 1887 2105 1946 ge-

524 1962 624 2016 stis
652 1962 852 2017 bonum
892 1957 1086 2019 nom‘en
1112 1980 1223 2035 proe
1266 1981 1327 2021 se
1363 1965 1492 2031 sert,
1526 1977 1581 2021 et
1633 1968 1686 2022 in
1729 1967 1846 2037 ipso
1884 1969 2104 2024 nomine

523 2050 784 2122 praeclare
806 2053 904 2107 abs
933 2067 992 2107 se
1026 2064 1180 2116 gesta
1208 2054 1573 2124 demonstran
1597 2057 1828 2127 Agatha,
1862 2073 1986 2129 quae
2017 2056 2115 2113 ver

525 2154 629 2196 suo
676 2141 898 2197 nomine
932 2143 1121 2207 allicit,
1161 2153 1221 2198 ut
1252 2145 1319 2199 ad
1347 2160 1469 2202 sese
1506 2160 1700 2202 omnes
1735 2148 2109 2218 maximopere

523 2242 858 2288 occurrantz
906 2246 1029 2300 quae
1072 2234 1241 2288 etiam
1281 2249 1382 2290 suo
1437 2237 1687 2307 exemplo
1728 2237 1924 2306 docet,
1949 2248 2010 2294 ut
2036 2238 2105 2294 ad

523 2335 715 2377 verum
768 2324 969 2377 bonum
997 2362 1015 2390 ,
1053 2324 1148 2394 qui
1184 2324 1333 2381 solus
1381 2327 1524 2390 Deus
1570 2337 1692 2396 est,
1738 2343 1930 2387 omncs
1983 2329 2106 2387 sine

526 2427 677 2469 mora
731 2428 916 2470 secum
986 2415 1336 2471 contendant.
1389 2418 1599 2489 Agatha
1619 2461 1636 2485 .
1699 2436 1820 2491 quae
1884 2422 2105 2494 signum

525 2502 721 2567 erexit,
752 2502 880 2573 quid
905 2503 973 2558 de
1005 2518 1068 2560 se
1089 2507 1368 2562 decretum
1400 2504 1609 2575 iuerat,
1640 2518 1702 2564 ut
1735 2511 1912 2578 tieret,
1941 2522 2109 2585 atque

525 2591 583 2646 ln
603 2591 773 2647 lucem
810 2592 977 2658 edita,
1027 2593 1173 2664 quod
1224 2608 1324 2664 per
1369 2596 1603 2661 gratiam
1655 2589 1936 2657 decretum
1961 2611 2104 2670 erat,

526 2681 734 2753 peregit
753 2701 767 2747 ;
788 2682 1017 2753 Agatha,
1045 2699 1145 2755 per
1171 2686 1484 2742 vaticinium
1514 2689 1831 2758 parentibus
1857 2692 1935 2764 (5)
1964 2708 2109 2768 pra-7

525 2776 793 2842 nuntiata,
818 2785 981 2845 atque
1010 2790 1039 2830 a
1067 2773 1175 2831 Deo
1197 2776 1483 2832 abaeteruo
1506 2781 1853 2851 praecognita.
1872 2784 2107 2855 Agatha,

525 2880 650 2936 quae
673 2866 838 2921 etiam
865 2859 983 2922 itinn}
1011 2881 1117 2925 non
1144 2866 1357 2936 refellit,
1393 2871 1482 2939 qui
1518 2872 1619 2927 hoe
1657 2874 1706 2927 ei
1764 2889 1960 2930 nomen
2004 2875 2110 2931 im·

523 2971 756 3028 posuere
779 2975 794 3013 x
827 2971 883 3013 et
910 2958 1288 3018 invocantibus
1316 2977 1516 3018 nomeu
1546 2963 1649 3020 hoe
1672 2978 1867 3036 przcsto
1887 2977 1992 3035 est,
2018 2967 2108 3023 [a-

523 3048 739 3121 cileque
767 3051 1080 3122 respondet.

2208 1893 2344 1939 turre
2374 1891 2561 1954 postes
2600 1878 2849 1951 opposuit
2875 1894 2893 1945 3
2935 1885 2993 1932 et
3025 1875 3433 1932 interminatam
3466 1873 3741 1944 propensio·

2208 1989 2329 2031 nem
2362 1974 2579 2036 animae.
2614 1981 2670 2027 et
2707 1984 2927 2040 corpus;
2964 1967 3111 2024 velut
3140 1965 3197 2022 in
3223 1962 3411 2022 medio
3436 1963 3605 2032 templi
3636 1961 3743 2019 nie·

2210 2063 2584 2136 rosolymitanl
2618 2059 2794 2117 velum
2822 2062 3065 2117 cordata
3088 2057 3290 2115 mentis
3322 2055 3601 2127 interiecit.
3626 2053 3743 2125 qood

2206 2169 2531 2213 consensum
2560 2151 3057 2221 arceret3ipsaque
3086 2145 3288 2203 mentis
3331 2143 3751 2216 contemplatione

2206 2245 2523 2318 Serapbicis
2554 2243 2809 2313 adjuncta
2836 2239 3145 2312 spiritibus,
3167 2247 3252 2293 ter
3286 2248 3533 2293 sanctum
3560 2236 3636 2291 sui
3666 2249 3746 2290 nu·

2208 2353 2333 2398 men
2357 2339 2531 2393 solum
2559 2334 2629 2392 ad
2647 2331 3075 2390 misericordiam
3092 2328 3490 2400 impetrandam
3510 2325 3745 2398 supplica·

2208 2429 2299 2486 bat
2329 2424 2701 2496 hujuscemodi
2731 2436 3002 2494 usurpans
3020 2422 3186 2476 verba
3217 2419 3408 2476 libere
3436 2417 3747 2488 ingenuaeque

2208 2516 2507 2593 gratiarum
2558 2513 2789 2570 actionis
2833 2512 2974 2583 apud
3006 2507 3198 2567 Deum.
3234 2507 3318 2564 Tu
3350 2509 3585 2579 quidem.
3609 2521 3641 2563 o
3662 2505 3751 2561 Do·

2209 2613 2374 2675 mine,
2398 2608 2722 2682 jampridem
2760 2606 2973 2662 hostem
3008 2601 3261 2674 eorporis
3313 2599 3422 2656 mei
3453 2613 3607 2656 causa
3650 2597 3747 2654 bel-

2208 2703 2321 2758 lum
2352 2698 2701 2762 inferentem,
2733 2705 2788 2752 et
2803 2693 2950 2751 velut
2969 2705 3167 2762 equum
3197 2691 3315 2760 ipsa
3342 2689 3585 2761 corporis
3606 2703 3749 2745 meta-

2206 2793 2307 2851 lira
2337 2791 2709 2856 adhibentem,
2740 2797 2904 2859 atque
2935 2794 3175 2842 utentem
3220 2782 3344 2853 ipsa
3378 2790 3564 2838 natura
3593 2787 3747 2837 contu

2212 2891 2487 2950 naturam„
2519 2880 2775 2950 dignatus
2821 2892 2884 2934 es
2926 2890 3012 2932 me
3038 2883 3102 2929 ut
3124 2871 3471 2944 subjugarim
3491 2878 3545 2926 et
3575 2867 3757 2926 eiacul-

2209 2971 2415 3034 carim;
2459 2979 2516 3024 tu
2568 2968 2696 3023 item
2741 2965 2910 3022 etiam
2966 2975 3129 3028 nunc,
3169 2976 3205 3017 o
3239 2969 3461 3015 amator
3488 2956 3755 3021 hominnm,

2211 3062 2302 3133 qui
2333 3061 2731 3117 indeficientem
2764 3072 2943 3116 meum
2977 3070 3102 3125 erga
3135 3063 3195 3110 te
3219 3065 3468 3109 amorem
3491 3048 3643 3122 probe
3673 3062 3755 3104 no·

594 3141 649 3198 5.
688 3141 902 3198 Etenim
944 3143 1054 3199 Deo
1077 3146 1277 3217 singuli
1309 3146 1588 3204 manifesti
1612 3157 1740 3204 stmt
1764 3190 1780 3217 ‚
1825 3159 1886 3206 ut
1922 3150 2105 3223 loqui·
2129 3138 2175 3198 (ἶ
2207 3153 2300 3220 sti,
2330 3151 2405 3206 sls
2433 3151 2646 3207 mibi'in
2682 3151 2785 3206 boc
2815 3147 3116 3203 certamine
3157 3145 3571 3214 opitulatos-nt
3594 3141 3674 3212 qui
3700 3154 3751 3193 ex

524 3240 618 3289 tur
644 3249 797 3289 sacra
825 3235 1136 3305 Scriptura:
1160 3234 1351 3291 Omnia
1375 3240 1539 3303 nuda,
1562 3248 1810 3308 crepereo
1832 3252 1954 3297 sunt
1978 3259 2109 3297 ocu·

523 3322 591 3379 lis
616 3323 754 3394 ejus.
781 3324 850 3376 ad
864 3340 1015 3394 quem
1041 3341 1208 3380 sermo
1240 3337 1417 3382 noster
1445 3330 1746 3396 collimat⁸3
1770 3345 1959 3405 verum
1988 3346 2111 3389 otn-

525 3417 616 3471 nia
664 3417 998 3487 praedeliuita
1055 3428 1182 3474 suut
1238 3435 1267 3473 a
1307 3429 1701 3489 coguoscentet
1743 3422 1857 3494 ipsa
1903 3424 2107 3481 etenim

525 3510 875 3580 praecognitio
920 3511 1290 3580 procreatoris
1320 3510 1412 3566 Dei
1438 3513 1585 3567 eirca
1612 3528 1700 3569 res
1736 3513 1977 3585 singulas
2008 3516 2106 3570 c'o-

522 3600 1010 3672 gnitionem,quod
1051 3600 1270 3672 quidem
1313 3611 1373 3656 et
1423 3603 1688 3659 rationem
1727 3603 1890 3660 babet
1935 3605 2111 3662 divini

522 3690 760 3755 consilii,
782 3699 837 3745 et
866 3704 1185 3756 concursus.
1206 3697 1257 3746 et
1284 3701 1547 3761 praeterea
1569 3692 1786 3749 modum
1804 3693 1987 3750 liberae
2010 3710 2106 3750 vo·

522 3776 749 3835 luntatis
776 3795 962 3835 eorum
985 3821 1003 3846 ‚
1038 3782 1129 3850 qui
1160 3781 1346 3835 divino
1398 3781 1574 3836 solum
1615 3782 1957 3853 beneplacito
1980 3799 2108 3856 pro-

521 3873 714 3937 creati,
742 3872 911 3927 libere
938 3873 992 3927 ln
1010 3886 1147 3942 opus
1178 3873 1467 3942 prodeunt.
1496 3871 1904 3929 Praetlestiuatio
1936 3890 2065 3930 vero
2088 3915 2106 3943 ‚

522 3974 826 4020 extremum
854 3977 1042 4020 eorum
1065 3965 1274 4034 lapsum
1309 3980 1414 4019 non
1450 3963 1739 4035 permittit,
1768 3966 1863 4021 sed
1897 3965 2112 4022 confert

523 4054 590 4111 ad
620 4046 766 4122 eum,
814 4056 906 4127 qui
951 4057 1392 4126 praedestinatur,
1438 4056 1633 4112 bonam
1686 4068 1741 4113 et
1781 4071 2107 4129 propensam

520 4146 853 4204 voluntatem
900 4146 1112 4218 opillcis
1141 4149 1232 4203 Dei
1271 4163 1394 4204 cmn
1444 4149 1630 4204 libero·
1657 4150 1898 4205 humano
1957 4150 2109 4204 arbi-

526 4241 674 4295 trio:
715 4248 773 4295 et
804 4247 860 4293 ut
906 4239 1055 4294 omni
1099 4239 1314 4295 ratione
1362 4240 1675 4296 beatissima
1717 4242 1862 4297 inter
1892 4256 2106 4308 omnes,

522 4338 577 4384 et
601 4327 952 4384 sanctissima
993 4328 1216 4383 Domina
1254 4337 1437 4384 nostra
1488 4332 1668 4402 regina
1701 4330 2125 4403 Virgo‘Deique

524 4432 743 4488 parens,
770 4431 798 4470 a
826 4417 1006 4473 divino
1041 4418 1240 4484 Verbo,
1272 4418 1416 4490 quod
1454 4421 1506 4476 in
1536 4436 1599 4478 ea
1633 4422 1919 4490 habitavit,
1955 4430 2105 4480 eatti-

522 4520 631 4579 que
673 4506 913 4577 effinxit,
948 4521 1016 4564 ex
1049 4510 1301 4567 omuibus
1338 4513 1588 4583 gentibus
1625 4513 1828 4572 delecta
1852 4515 1988 4584 tuit3
2027 4517 2100 4573 ita

521 4601 689 4656 etiam
733 4604 847 4658 baec
882 4601 1126 4673 ejusdem
1179 4604 1420 4674 Deiparze
1469 4604 1576 4660 fllia
1627 4617 1681 4665 et
1716 4588 2102 4681 ancilla-(quse

525 4709 668 4751 nuuc
716 4692 911 4751 faustis
965 4694 1453 4751 acclamationibus
1498 4695 1788 4754 decoratur
1835 4717 1863 4753 a
1918 4701 2099 4766 uobis,

522 4801 749 4858 qumque
772 4798 955 4843 nostra
981 4789 1278 4858 praeeonin,
1311 4798 1639 4860 nostrasque
1687 4791 1985 4863 gratiarum
2007 4808 2105 4849 ac·

524 4880 698 4936 tiones
730 4879 838 4935 Deo
881 4895 977 4953 per
1021 4878 1299 4949 Virginem
1330 4866 1614 4950 neipar'am
1660 4881 1837 4951 oll'ert)
1890 4885 2103 4951 praeue-

521 4971 723 5028 stinata
754 4973 931 5029 suerat
952 4982 1009 5029 ut
1040 4984 1244 5044 martyr
1266 4984 1411 5030 esset
1439 4983 1494 5029 et
1510 4977 1685 5030 electa
1710 5011 1727 5040 ,
1767 4983 1822 5028 et
1841 4988 1935 5044 per
1968 4974 2106 5030 divi-

593 5147 616 5180 ·
652 5146 816 5204 ssebr.
853 5164 926 5206 tv.
971 5152 1061 5207 ¹3.
1137 5154 1158 5186 ⁸
1198 5152 1393 5207 Mattb.
1429 5168 1507 5218 tx,
1543 5151 1640 5209 20.

607 5296 685 5368 (5)
724 5296 799 5353 De
829 5309 1031 5357 sanctat
1078 5300 1302 5369 Agatlnoe
1348 5303 1655 5373 eloquentia
1684 5303 1812 5358 illud
1840 5312 2017 5359 exstat
2053 5304 2105 5359 in

522 5364 744 5424 Meuaeis
774 5369 1008 5440 elogium
1034 5390 1048 5426 :
1082 5372 1283 5429 Diffusa
1312 5387 1397 5430 cst
1438 5376 1612 5442 gratia
1647 5374 1698 5428 in
1724 5375 1881 5429 labiis
1905 5374 2034 5438 tuis.
2063 5389 2098 5430 ο

525 5438 728 5507 Martyr
764 5454 794 5493 a
846 5440 1089 5497 bonitate
1153 5460 1348 5499 numen
1392 5444 1634 5516 indepta.
1687 5444 1898 5501 Diserte
1943 5446 2091 5498 euim

526 5508 819 5563 confutasti
873 5521 1062 5578 aperte
1121 5511 1513 5583 impudentem,
1566 5515 1783 5585 eloquio
1836 5515 2097 5571 divinitus

529 5577 731 5635 tradito
765 5578 1109 5637 incunctata.

533 5644 681 5770 unffi)
721 5598 948 5716 ’Λγαῦὲς
980 5653 1177 5724 quippe
1212 5654 1410 5710 bouum
1465 5652 1755 5725 significat,
1792 5652 1973 5728 ἅῖἵοῆ
2004 5652 2099 5712 bo‘

2209 3242 2416 3299 intiunis
2446 3242 2681 3311 erumpit
2704 3238 3038 3309 masconius,
3066 3235 3268 3291 fontem
3304 3235 3503 3304 excipe
3521 3233 3753 3303 lacryma·

2210 3349 2457 3402 rum,-ac
2484 3333 2662 3389 tribue
2695 3333 2761 3386 de
2788 3332 2905 3399 ipso
2932 3333 3091 3384 hoste
3124 3328 3255 3382 milti
3292 3327 3588 3396 gloriosam
3620 3332 3755 3378 victo·

2208 3427 2368 3489 riam.
2395 3439 2429 3480 o
2457 3424 2763 3479 animarum
2807 3420 3137 3490 immanique
3178 3418 3403 3490 generis
3434 3424 3666 3483 amator;
3687 3414 3756 3485 qai

2205 3519 2394 3581 etiam,
2421 3516 2565 3586 quud
2606 3514 2821 3586 propria
2870 3526 3035 3567 manu
3075 3511 3587 3567 victoriosissimum
3618 3518 3758 3564 certa·

2209 3622 2330 3662 men
2359 3606 2481 3662 cu‘m
2518 3617 2709 3661 nostro
2756 3604 2946 3660 eodem
3000 3602 3159 3659 hoste
3198 3601 3399 3665 inlisti,
3432 3599 3581 3656 nobis
3630 3598 3765 3655 ascri·

2207 3696 2336 3752 bere
2378 3710 2444 3752 ac
2490 3696 2730 3751 tribucre
2772 3692 3161 3764 benignissime
3200 3707 3261 3748 es
3298 3694 3555 3763 dignatus
3584 3702 3757 3761 equam

2206 3789 2369 3843 etiam
2401 3789 2471 3843 ob
2488 3802 2735 3852 causam,
2763 3802 2796 3843 o
2824 3786 3030 3857 peccati
3068 3798 3265 3855 expers
3296 3784 3551 3850 Domine,
3591 3785 3653 3839 de
3693 3796 3763 3837 no-

2207 3890 2321 3935 stra
2340 3890 2617 3950 sumptam
2646 3893 2747 3950 pro
2779 3877 2943 3951 nobis
2969 3890 3190 3932 earnem
3226 3875 3491 3931 induisti.

2276 3970 2330 4026 7.
2356 3968 2450 4025 llla
2479 3984 2609 4026 vcro
2639 3969 2757 4025 boec
2771 3969 3046 4024 Christum
3076 3966 3438 4038 precabatur.
3469 3981 3570 4022 non
3592 3974 3762 4023 uteer·

2207 4069 2386 4116 tamen
2418 4062 2680 4126 evitaret,
2711 4060 2807 4115 sed
2853 4068 2914 4115 ut
2960 4060 3109 4115 vires
3151 4058 3258 4114 sibi
3308 4057 3677 4114 sufficerentur
3709 4052 3759 4105 sd

2208 4154 2553 4226 niartyrium.
2612 4150 2943 4207 Exaudierat
2974 4149 3118 4205 euim
3166 4147 3389 4219 Agatha
3426 4145 3760 4203 mulierculam

2207 4244 2498 4316 quamdam
2537 4242 2793 4315 pessimis
2821 4242 3033 4295 artibus
3063 4238 3307 4294 deditam
3343 4251 3471 4293 cum
3506 4233 3759 4303 Quintiano

2208 4337 2275 4392 de
2303 4352 2362 4391 se
2390 4333 2882 4391 communicantem
2907 4372 2921 4398 ,
2978 4341 3034 4387 et
3077 4331 3286 4387 idcireo
3330 4340 3593 4401 perquam
3634 4336 3759 4394 pars-

2210 4426 2421 4483 tissima
2476 4440 2653 4497 prono
2701 4426 2754 4481 in
2790 4434 2991 4480 terram
3056 4422 3293 4495 proci-lit
3335 4419 3523 4485 vultu,
3566 4416 3760 4484 odioque

2207 4526 2396 4572 cuutra
2444 4526 2887 4587 persecutorem,
2933 4522 3234 4583 contraque
3278 4512 3467 4584 ipsum
3497 4516 3759 4580 pet-satum.

2208 4607 2421 4664 ardenti
2449 4607 2613 4663 etiam
2643 4607 2848 4662 amoris
2869 4620 2998 4677 erga
3030 4603 3196 4661 Deum
3226 4602 3473 4660 excitato
3509 4596 3763 4656 desiderio,

2207 4700 2275 4756 ad
2301 4700 2534 4754 intactos
2582 4697 2795 4754 Domini
2842 4700 3009 4769 pedes
3047 4696 3385 4760 advolvitur.
3419 4695 3557 4751 sicut
3580 4690 3639 4747 ad
3665 4686 3763 4757 ejus

2212 4791 2385 4847 vestis
2434 4789 2697 4860 laciniam¹
2732 4790 2820 4846 illa
2867 4788 2998 4845 olim
3035 4786 3615 4844 luaemorrltoissa⁸zet
3656 4790 3759 4849 pro-

2212 4883 2433 4939 fluvium
2451 4882 2668 4953 quidem
2699 4897 2804 4936 uon
2836 4878 3070 4936 inhibuit
3095 4881 3221 4941 (boc
3241 4880 3393 4934 enim
3424 4893 3529 4934 nou
3548 4870 3753 4946 potieba-

2212 4988 2334 5043 tur;
2358 4974 2535 5046 potius
2560 4989 2687 5030 vero
2712 4972 2876 5043 (sicut
2894 4969 3131 5028 Joatmes
3164 4973 3316 5043 virgo
3348 4970 3605 5026 fluentum
3632 4964 3755 5018 theo·

2291 5304 2368 5375 (5)
2412 5301 2639 5373 luueges
2681 5311 2842 5375 negat
2897 5302 3024 5357 ltine
3067 5298 3245 5370 sequi,
3282 5303 3541 5366 parentes
3581 5296 3759 5373 saneto

2211 5374 2435 5447 Agatlue
2463 5376 2634 5429 luisse
2670 5373 3039 5433 christianos:
3074 5380 3438 5440 praeterquam
3462 5364 3599 5435 quod
3620 5361 3750 5412 idei·-

2202 5444 2366 5500 tittem
2412 5444 2714 5499 orationem
2768 5444 2931 5509 banc,
2974 5438 3244 5512 principio
3281 5426 3754 5515 exceptu,·pmcla·

2204 5525 2310 5569 met
2365 5513 2615 5570 Metltudil
2660 5528 2768 5568 non
2829 5527 2974 5573 esse.
3025 5510 3119 5565 secl
3198 5509 3451 5564 moderni
3491 5512 3753 5583 cujuspiam

2204 5584 2515 5653 scripturis.
2536 5598 2637 5639 nec
2658 5584 2874 5654 dignam
2906 5582 3032 5638 lide.
3054 5578 3276 5635 Proel'ert
3292 5578 3419 5645 ipse
3440 5582 3751 5627 vattctntunt.

2207 5656 2350 5777 ungui
2407 5670 2572 5751 sunta
2618 5668 2685 5711 ex
2718 5652 2904 5712 codice
2956 5650 3347 5710 Panormitano
3404 5644 3633 5703 relatum
3683 5644 3751 5694 est

2212 5726 2240 5797 5
2309 5767 2322 5794 ,
2370 5742 2424 5783 u.
2460 5723 2549 5780 2562
