3984 6200
326 321 437 387 201
1329 341 1647 408 SCRIPTA
1678 351 2079 420 ADVERSUS
2122 360 2675 436 ICONOMACIIOS.
3487 400 3596 465 202

1334 585 1608 678 ANG.
1685 592 1893 685 ΜΑΙ
1976 601 2609 709 PRAEFATIO

442 718 515 781 ln
580 721 645 782 S.
685 723 1025 807 Nicephori
1068 730 1761 816 constantinopolitani·
1795 747 2026 828 scripta
2087 756 2385 825 adversus

1525 859 1544 920 (
1552 858 1847 918 Bibliotheca
1876 871 1922 922 N
1928 886 2036 936 ova,
2064 881 2100 926 t.
2125 879 2180 940 V,
2217 896 2264 944 p.
2299 885 2371 947 v.)

390 949 434 1007 l.
480 949 745 1011 Sarctum
777 951 1142 1031 Nicephorum
1167 963 1432 1022 doctrinae
1459 971 1792 1044 pietatisque
1827 981 2048 1043 dotibus
2080 1003 2305 1049 cunctos
2331 997 2369 1050 B

305 1039 579 1104 praesutes
608 1057 922 1113 superasse,
963 1063 1089 1103 vere
1122 1051 1253 1107 mihi
1284 1053 1489 1112 dixisse
1515 1059 1731 1124 videtur
1755 1066 2051 1129 Anselmus

304 1135 365 1181 et
397 1127 613 1184 duobus
648 1135 1043 1204 comprehensa
1079 1139 1444 1199 voluminibus
1466 1147 1631 1204 edere
1678 1156 2083 1229 constituerat;

312 1229 517 1271 narum
555 1233 742 1274 rernm
770 1235 920 1288 casu,
958 1233 1144 1292 postea
1190 1230 1435 1286 evanuit.
1474 1232 1605 1290 Mihi
1663 1237 1717 1293 iu
1749 1239 2013 1301 Vaticana

308 1303 595 1359 editorum
622 1305 913 1379 Nicephori
946 1311 1272 1383 scriptorum
1301 1318 1557 1376 codices:
1598 1338 1739 1380 unus
1777 1327 1960 1386 in-l'ol.
1992 1335 2395 1402 pulcherrimus
2425 1355 2602 1414 vetus,
2650 1351 2805 1420 cujus
2837 1359 3070 1425 primam
3113 1368 3364 1436 paginam
3408 1375 3575 1431 habes

305 1387 367 1443 in
410 1389 513 1445 hoc
544 1405 734 1449 nostro
766 1395 1040 1454 volumine
1064 1415 1175 1456 aere
1194 1416 1486 1472 excusatum
1520 1408 1673 1478 isque
1692 1414 1941 1472 continet
1973 1437 1987 1473 ε
2030 1421 2081 1477 t.
2112 1424 2523 1497 Apologeticum
2553 1448 2649 1503 pro
2679 1441 2853 1497 saeris
2883 1444 3415 1523 iniaginilius(quein
3449 1463 3573 1516 dico

296 1477 598 1546 xxsajorem,
625 1489 736 1538 uta
771 1485 982 1540 minore
1020 1486 1128 1542 alio
1152 1489 1514 1561 distinguam,
1550 1501 1618 1552 de
1648 1513 1757 1570 quo
1788 1505 1971 1571 mox);
2007 1507 2060 1562 2.
2098 1508 2232 1565 Tres
2256 1516 2519 1574 adversus
2554 1521 2968 1583 Constantinum
2996 1532 3419 1609 copronymum,
3449 1541 3570 1601 lco-

298 1567 635 1622 nrnnachnm
665 1567 865 1636 dirum,
893 1574 1313 1634 Antirrheticos.
1335 1581 1487 1636 Alter
1512 1594 1691 1640 antem
1716 1586 1898 1658 (quem
1928 1594 2091 1661 paulo
2113 1600 2287 1654 serius
2310 1606 2616 1676 eoeptajam
2645 1612 2884 1670 editione
2916 1620 3138 1692 reperi),
3170 1629 3382 1693 priscus
3411 1649 3566 1702 aeqne

292 1654 498 1713 «ulex.
525 1656 868 1726 subjunctam
907 1656 1127 1716 Nic-‘eno
1162 1677 1202 1719 ιι
1236 1667 1467 1723 concilio
1489 1671 1719 1738 praebuit
1764 1677 1900 1731 mihi
1931 1679 2176 1748 ejusdem
2211 1686 2503 1759 Nicephori
2521 1699 2826 1756 orationem
2856 1717 2950 1758 seu
2986 1705 3227 1765 libellum
3258 1731 3354 1783 pro
3389 1723 3569 1775 sacris·

292 1739 435 1793 item
471 1739 824 1812 imaginibus,
845 1755 1003 1814 quem
1035 1749 1431 1822 Apoloqcticunt
1452 1759 1704 1813 minorem
1725 1762 2008 1835 inscripsi.
2034 1768 2203 1827 Porro
2236 1774 2380 1832 hunc
2411 1777 2676 1839 minorem
2704 1803 2731 1839 a
2760 1786 3068 1859 Nicephoro
3102 1795 3273 1853 fuisse
3301 1809 3570 1873 composi·

291 1838 414 1880 tuen
449 1831 552 1882 sub
599 1829 782 1887 Leone
809 1835 1091 1901 Armenio,
1120 1839 1324 1908 pariter
1344 1841 1726 1914 lconomacho,
1777 1864 1921 1907 anno
1946 1852 2088 1922 8¹53
2139 1859 2401 1929 maiorem
2426 1878 2629 1937 autem,
2665 1884 2930 1944 regnante·
2956 1881 3166 1949 eodem,
3198 1899 3288 1940 an.
3313 1888 3440 1954 817,
3466 1896 3563 1948 de·

286 1919 602 1972 aimistrari
631 1919 684 1973 in
708 1931 861 1990 parte
900 1922 1189 1981 voluminis
1222 1927 1413 1985 Latina
1454 1946 1508 2001 p.
1549 1934 1607 1987 Η
1635 1946 1689 1990 et
1715 1937 1835 1992 ¹74.
1864 1939 2130 1999 Editiouis
2155 1955 2338 2003 autem
2368 1952 2513 2009 hunc
2544 1959 2789 2015 ordinem
2833 1965 3002 2030 tenui,
3036 1977 3091 2021 ut
3113 1971 3287 2038 primo
3312 1986 3421 2032 tres
3451 1981 3563 2035 An-

284 2003 596 2059 tin-rheticas
625 2021 908 2078 ponerem,
932 2026 1162 2081 quorum
1181 2013 1558 2086 jucundiorem
1580 2022 1867 2080 lectionem
1898 2027 2014 2084 sore
2040 2033 2346 2092 existimavi
2374 2058 2388 2093 ε
2416 2042 2611 2099 deinde
2657 2046 2923 2118 Major-em
2957 2055 3374 2129 Apoloqeticum,
3406 2069 3561 2137 cujus

285 2090 591 2158 prolixitas
622 2104 678 2150 et
706 2096 813 2152 alta
848 2097 1130 2172 theologiae
1156 2112 1336 2159 strues
1369 2106 1541 2164 inulto
1565 2110 1743 2181 majus
1770 2114 2138 2172 studiosorum
2163 2123 2334 2177 otium
2371 2130 2634 2197 requirit:
2656 2145 2842 2203 postea
2879 2140 3136 2197 collocavi
3163 2146 3557 2220 Apoloyeticam

284 2181 557 2234 mium-em
591 2196 712 2237 cum
751 2185 1003 2255 adjuncta
1055 2190 1504 2261 interpretatione
1537 2213 1551 2252 ι
1587 2199 1818 2269 denique
1848 2202 2015 2258 trium
2066 2206 2538 2271 Antii-rhetiarum
2571 2230 2624 2274 et
2657 2221 2981 2296 Apoloqetici
3030 2233 3253 2299 majoris
3301 2237 3554 2298 Latinam

282 2277 426 2320 item
483 2268 1013 2340 interpretationem,
1048 2287 1171 2330 cum
1197 2277 1347 2333 brevi
1375 2282 1723 2340 materiarum
1751 2288 1956 2346 indice.

370 2351 434 2408 tl.
481 2351 691 2410 Bellum
723 2358 864 2428 apud
891 2357 933 2416 G
951 2376 1121 2418 raecos
1141 2362 1596 2424 iconoclasticum
1620 2387 1743 2427 cum
1770 2375 1921 2435 multi

2439 768 2895 843 Iconomachos
2954 785 3033 847 ab
3092 788 3236 868 ipso
3278 794 3464 861 edito.

2371 1004 2643 1070 ynantinte
2681 1005 2945 1069 Ecclesiae
2980 1028 3101 1083 post
3129 1020 3580 1093 chrysostomum

2111 1077 2440 1155 Bandurius,
2476 1091 2567 1157 qui
2603 1092 2745 1149 illius
2777 1110 2945 1166 opera
2993 1119 3058 1158 ex
3109 1123 3250 1164 mss.
3297 1114 3574 1185 colligere,

2136 1179 2446 1239 quanquam
2484 1175 2602 1244 ejus
2625 1182 2938 1250 consilium,
2980 1205 3086 1244 non
3135 1194 3354 1252 insolito
3383 1201 3577 1258 huma-

2057 1250 2386 1311 bibliotheca
2411 1259 2517 1314 duo
2546 1277 2659 1331 prm
2689 1271 2906 1326 caeteris
2933 1277 3219 1340 ⁵observati
3251 1283 3472 1342 fuerunt
3495 1292 3578 1343 in-

1962 2378 2077 2448 J‘am
2113 2386 2453 2459 scripserint,
2480 2408 2579 2466 ego
2606 2397 2746 2455 bane
2773 2404 2988 2472 quidem
3016 2414 3292 2471 crambem
3320 2433 3426 2473 non
3458 2435 3550 2476 re-

292 2454 545 2512 coquam
587 2458 603 2496 t
637 2445 733 2498 sed
769 2447 894 2513 quia
918 2446 1261 2518 Nicephorus
1298 2453 1350 2507 in
1379 2451 1608 2511 Minoris
1641 2459 1967 2533 Apotoqeucn·
2018 2471 2175 2528 titulo
2201 2475 2277 2529 ait
2303 2492 2363 2532 se
2407 2494 2568 2538 causa
2602 2487 2727 2541 nori
2762 2491 3075 2552 schismatis
3131 2502 3393 2571 scribere,
3444 2507 3549 2563 hoc

288 2543 475 2583 ιιιιιιιιι
508 2531 710 2594 dicam,
743 2533 1043 2590 demortuis
1069 2547 1380 2594 sanctarum
1414 2542 1711 2615 imaginum
1745 2550 1990 2610 hostibus
2023 2556 2208 2615 Leone
2258 2562 2502 2623 Isaurico
2543 2581 2597 2626 et
2623 2570 3004 2649 Copronymo,
3032 2599 3206 2656 eaque
3264 2592 3455 2650 tum-051
3491 2598 3544 2652 j„

276 2615 525 2671 Nncaeno
553 2621 594 2671 ιι
622 2619 859 2674 concilio
877 2635 969 2676 aii.
1003 2621 1126 2688 787,
1150 2624 1427 2692 destinata,
1447 2644 1636 2688 rursus
1660 2636 1759 2690 sub
1786 2636 1967 2697 Leone
1989 2643 2273 2714 Armenio,
2306 2667 2468 2721 quem
2500 2655 2675 2714 sactus
2690 2662 2801 2729 Jam
2832 2670 3140 2735 patriarcha
3164 2673 3536 2751 Nicephorius,

272 2719 382 2758 an.
412 2703 546 2770 8¹5,
578 2717 958 2772 coronaverat,
992 2724 1024 2765 e
1053 2711 1331 2768 cineribus
1356 2715 1474 2772 suis
1502 2729 1750 2777 renatum
1774 2730 1984 2783 erroris
2028 2733 2285 2802 hydrum,
2323 2754 2463 2795 novo
2500 2744 2552 2797 in
2584 2743 2824 2804 Ecclesia
2870 2756 3176 2826 schismati,
3207 2766 3273 2820 de
3296 2783 3404 2836 qno
3446 2770 3544 2826 Νῑ.

275 2791 577 2860 &ephorus
611 2791 872 2864 loquitur,
906 2799 1246 2855 occasionem
1275 2801 1576 2874 obtulisse;
1614 2824 1723 2879 quo
1776 2822 2020 2883 tempore
2072 2819 2293 2877 brevem
2341 2828 2521 2895 primo
2591 2832 3010 2908 Apoloyeticum,
3052 2849 3210 2914 quasi
3250 2859 3541 2921 quenulam

276 2879 695 2948 velitationem,
728 2882 899 2938 edidit
927 2898 942 2936 ι
974 2884 1027 2940 in
1061 2901 1168 2953 quo
1196 2901 1376 2942 rerum
1408 2902 1684 2960 gestarum
1712 2895 1825 2966 jam
1848 2902 1986 2959 inde
2025 2907 2094 2962 ab
2137 2909 2295 2966 initio
2323 2918 2533 2972 erroris
2562 2919 2941 2991 corripendium
2976 2932 3331 3005 adumbrans,
3379 2943 3536 3000 inve-

276 2969 441 3024 ἥῑωῑ
477 2977 674 3038 1305183
694 2968 750 3024 ¹¹¹
782 2978 1059 3040 ²9⁰⁸²8¹³S
1089 2977 1390 3041 Pfaesesshn
1414 2978 1722 3051 episcopos,
1755 2986 1845 3052 <lui
1877 3002 1907 3042 a
1934 2991 2058 3049 ssdei
2090 2996 2145 3051 in
2178 2996 2397 3057 Nicaeno
2420 3008 2654 3064 concilio
2675 3011 2856 3080 jurata
2891 3032 3080 3077 rursus
3108 3023 3525 3088 discesserant:

268 3056 373 3112 eui
402 3057 666 3124 concilio,
692 3071 1003 3129 quanquam
1028 3064 1202 3118 sacris
1230 3066 1466 3121 nondum
1498 3066 1684 3124 insulis
1708 3075 1990 3150 praeditus,
2017 3080 2359 3157 Nicephorus
2386 3092 2502 3179 ipse
2524 3096 2874 3172 interfuerat,
2902 3107 3084 3179 ibique
3106 3127 3204 3181 pm
3226 3119 3532 3180 ommam...

270 3146 540 3201 docuisti·
574 3157 950 3217 vewfflvefss»
979 3159 1038 3203 ΙΙΙ
1068 3148 1187 3219 eins
1216 3149 1551 3223 biographus
1582 3155 1826 3228 ignatius
1850 3164 2117 3227 diaconus
2140 3188 2349 3243 narrat,
2384 3189 2440 3235 et
2466 3186 2759 3253 synodales
2781 3201 2937 3245 actus
2966 3203 3252 3256 testantur.
3288 3203 3530 3277 Scripto,

270 3248 333 3289 ut
374 3236 523 3303 dixi,
557 3249 704 3290 anno
734 3234 842 3291 813
874 3235 1079 3292 Minore
1129 3240 1492 3310 Apoloqetico,
1522 3257 1741 3303 secutus
1765 3259 1851 3320 est
1878 3255 2386 3321 calamitosissimus
2422 3282 2595 3326 annus
2616 3271 2744 3341 8¹5,
2772 3291 2879 3346 quo
2918 3277 3258 3353 Nicephorius
3285 3306 3313 3346 a
3345 3294 3528 3353 Leone

266 3324 547 3380 Armenio
573 3322 936 3381 iconomacho
963 3325 1205 3396 dejectus
1240 3333 1369 3385 sede
1401 3333 1700 3404 pulsusque
1740 3337 1799 3392 in
1824 3344 2075 3399 exsilium
2113 3347 2236 3416 suit,
2269 3364 2392 3420 post
2420 3369 2624 3412 atinum
2653 3365 3057 3429 patriarchatus
3090 3387 3316 3442 nonum,
3362 3398 3526 3448 quem
3607 3444 3612 3449 ,

267 3428 426 3470 auno
455 3411 676 3470 scilieet
708 3414 815 3469 sot»
856 3427 1192 3487 susceperat.
1223 3421 1279 3472 ln
1309 3421 1503 3477 exsilio
1537 3423 1702 3495 igitur
1726 3439 1922 3484 coetera
1956 3436 2289 3503 conseripsit
2339 3455 2528 3512 opera,
2554 3461 2746 3517 nempe
2807 3450 3068 3522 Mnjorem
3127 3460 3524 3534 Apoloqecicnm

267 3518 421 3557 nuno
462 3500 525 3556 8¹
544 3502 595 3569 7,
625 3512 683 3557 et
707 3501 905 3558 deinde
951 3504 1358 3573 Antirrheticos,
1396 3518 1453 3563 ut
1483 3511 1598 3581 ipse
1617 3514 1788 3571 initio
1807 3502 1975 3587 prihii
2003 3536 2103 3576 nos
2125 3524 2284 3579 docet
2309 3541 2326 3593 ;
2353 3530 2526 3586 donec
2555 3536 2699 3590 anno
2721 3534 2849 3604 828,
2886 3552 3336 3615 septuagenarius
3366 3558 3524 3624 omn,

268 3588 355 3645 vel
382 3592 444 3647 in
474 3591 676 3647 coelum
699 3591 883 3660 potius
912 3590 1245 3649 fortissimus
1271 3597 1607 3655 orthodoxiae
1647 3604 1797 3674 pugil
1830 3608 2088 3664 evolavit.

334 3679 434 3735 ΙΙΙ.
473 3677 597 3735 lam
625 3680 772 3749 quod
798 3682 994 3735 attinet
1025 3683 1094 3735 ad
1119 3681 1529 3758 Amiqrheeicos,
1558 3690 1661 3744 etsi
1692 3692 2071 3766 copronymus
2102 3698 2298 3755 multos
2326 3710 2454 3758 ante
2476 3719 2648 3762 annos
2670 3710 2778 3765 vita
2811 3728 3147 3785 excesserat,
3171 3725 3525 3787 nibilominus

266 3772 573 3837 pru-lenter
601 3768 940 3840 Nicephorus
970 3779 1136 3826 totam
1172 3786 1325 3827 suam
1350 3786 1539 3830 contra
1568 3777 1957 3837 lconomachos
1985 3782 2349 3842 invectionem
2373 3789 2427 3843 in
2454 3790 2787 3867 copronymi
2810 3803 3011 3859 diserte
3037 3822 3241 3864 nomen
3268 3818 3521 3883 contulit,

268 3868 389 3911 tum
427 3868 487 3913 ut
510 3856 738 3915 liberius
761 3858 829 3913 de
851 3867 1065 3912 mortuo
1087 3858 1434 3929 loqueretur;
1470 3873 1580 3917 tum
1613 3867 1738 3934 quia
1772 3879 1979 3924 mutato
2015 3876 2256 3941 nomine,
2294 3886 2350 3931 ut
2373 3880 2448 3932 ait
2473 3894 2657 3949 poeta,
2689 3887 2755 3940 de
2781 3886 2961 3945 Leone
2990 3895 3252 3955 Arinenio
3280 3903 3519 3973 vivente,

265 3956 323 3997 et
344 3943 665 4014 religiosum
702 3943 901 4001 bellum
936 3943 1294 4013 instaurante,
1323 3948 1502 4004 fabola
1535 3958 1645 4006 tota
1687 3958 1964 4012 narrabat.
1995 3955 2143 4014 Nihil
2170 3965 2316 4018 enim
2344 3971 2808 4039 eratevidentius,
2840 3992 3022 4045 quam,
3053 3987 3274 4052 quoties
3299 3990 3512 4061 Cupi-0-

266 4046 466 4101 aymus
508 4028 837 4095 feriebatur,
876 4031 1037 4087 toties
1066 4032 1251 4102 jacula
1299 4037 1367 4089 ad
1402 4034 1641 4091 Leonem
1694 4042 1842 4108 paris
1869 4045 2054 4100 meriti
2086 4049 2360 4107 hominem
2391 4065 2695 4124 penetrare.
2723 4059 2858 4117 Pars
2889 4068 2943 4119 in
2977 4068 3062 4122 his
3120 4072 3514 4136 Antirrheticis

266 4116 647 4186 ‘it-exspectata
681 4128 734 4172 et
765 4118 981 4174 curiosa
1017 4129 1122 4185 est,
1154 4121 1344 4176 totilla
1382 4133 1658 4192 segmenta
1682 4140 1801 4195 quze
1845 4132 2147 4190 recitantur
2173 4151 2204 4190 a
2234 4138 2539 4222 Nicephoro
2573 4145 2696 4200 libri
2731 4148 2994 4208 hactenus
3022 4156 3281 4228 incogniti
3317 4166 3510 4221 leono-

267 4204 964 4277 utacbornm,ssopronymi
996 4206 1145 4279 regio
1180 4210 1400 4266 nomine
1439 4222 1494 4267 et
1519 4216 1844 4272 auctoritate
1871 4221 2084 4291 scripti,
2117 4240 2278 4294 quem
2311 4227 2663 4301 Nicephorus
2698 4238 3062 4305 particulatim
3108 4245 3301 4304 irridet
3346 4261 3510 4325 atque

274 4292 512 4345 refutat.
544 4288 621 4344 lbi
645 4293 908 4350 enimvero
936 4297 1164 4352 subtiles
1205 4298 1585 4354 haereticorum
1620 4304 1846 4374 tecbnze,
1881 4309 2138 4367 simulata
2176 4316 2368 4383 pietas,
2406 4331 2861 4389 argumentorum
2908 4326 3161 4397 fallaciae,

280 4376 555 4441 ejustnodi
585 4378 787 4435 fraudes
811 4391 1078 4452 apparent
1102 4402 1116 4437 z
1165 4400 1284 4453 quoe
1305 4388 1484 4441 omnia
1516 4387 1851 4458 Nicephorus
1875 4394 2090 4451 sublimi
2124 4398 2354 4470 ingenio,
2382 4407 2530 4471 gravi
2556 4408 2815 4465 doctrinae
2836 4415 3221 4479 ecclesiasticae
3246 4430 3508 4497 pondere,

301 4467 505 4520 ent-tis
536 4466 715 4537 iogicae
741 4474 874 4526 artis
926 4472 1129 4541 regulis
1181 4474 1381 4529 invicte
1413 4480 1731 4546 prosternit.
1792 4481 1860 4536 Et
1906 4484 1958 4537 in
2009 4485 2188 4552 primo
2238 4488 2456 4555 quidem
2490 4493 2579 4547 diu
2609 4505 2665 4550 et
2713 4509 2873 4555 acute
2891 4502 2970 4565 ‚de
3006 4518 3199 4563 natura
3234 4513 3510 4581 imaginis,

301 4554 371 4605 de
402 4565 668 4627 prototypo
695 4573 789 4613 seu
814 4565 1141 4633 archetypo,
1168 4564 1234 4616 de
1269 4562 1503 4632 pictura,
1534 4567 1603 4620 (le
1633 4568 2016 4638 descriptione,
2045 4574 2111 4628 de
2140 4576 2444 4646 hypostasi,
2478 4582 2543 4637 de
2577 4585 2959 4657 enhypostato,
2993 4605 3044 4648 et
3070 4596 3139 4651 de
3169 4600 3513 4660 circumscri-

292 4652 390 4710 pto
440 4646 753 4710 potissimum
784 4659 841 4702 et
880 4650 1373 4721 incircumscripto.
1407 4653 1462 4706 lu
1497 4656 1739 4710 secundo
1769 4672 1953 4715 autem
1999 4661 2269 4730 breviore,
2308 4668 2448 4722 inter
2477 4681 2671 4726 caetera
2697 4676 2762 4730 de
2804 4680 3030 4748 augelis,
3082 4684 3149 4739 de
3177 4691 3507 4748 manufactis

296 4732 629 4803 cherubinis,
651 4747 703 4793 ει
733 4737 867 4806 quid
890 4740 1001 4793 sint
1030 4741 1261 4811 γράφειν
1292 4752 1346 4795 ει
1384 4745 1747 4814 περιγράφειν
1778 4761 1902 4800 cum
1927 4746 2210 4817 derivans,
2242 4765 2294 4808 ct
2327 4756 2489 4813 multa
2519 4760 2829 4827 hujusmodi
2856 4768 3132 4825 edisserit.
3169 4772 3387 4835 Tertius
3411 4783 3508 4836 de·

264 4820 444 4888 nique
473 4835 559 4877 seo
584 4837 899 4891 postremus
929 4827 1346 4894 Antirrketicus,
1379 4832 1536 4886 valde
1566 4834 1808 4901 prolixus
1838 4844 1893 4888 et
1927 4836 2132 4901 varius,
2160 4839 2447 4897 historiam
2480 4848 2682 4914 partim
2709 4862 2767 4906 et
2799 4853 3100 4912 honorandi
3132 4874 3320 4918 sacras
3366 4868 3505 4921 iina-

250 4910 423 4977 ‘ines
456 4914 689 4967 rationes
724 4914 1042 4983 potissimas
1075 4918 1296 4985 exponit
1325 4934 1340 4971 t
1367 4933 1608 4991 quarnng
1629 4923 1897 4991 praecipua
1932 4934 2016 4978 est
2048 4939 2178 4980 usus
2200 4929 2413 4998 priscus
2440 4941 2497 4986 et
2535 4945 2815 5005 constans,
2855 4942 2907 4995 id
2935 4953 3018 4997 est
3045 4948 3287 5016 traditio,
3316 4951 3504 5010 Eccle-

240 4996 347 5052 siae
378 4995 693 5066 catholicae,
737 5015 861 5070 quae
888 5001 1030 5055 iconi
1067 5013 1122 5057 et
1145 5004 1292 5058 cruci
1322 5002 1615 5061 Dominicae
1648 5022 2058 5081 martyrumque
2097 5025 2153 5069 ει
2179 5030 2491 5075 sanctorum
2524 5027 2763 5081 virorum
2809 5030 3054 5101 reliquiis
3089 5045 3143 5089 et
3179 5038 3504 5112 imaginibus

234 5084 394 5140 nullo
422 5094 679 5153 tempore
707 5088 972 5143 bonorem
1007 5104 1112 5144 non
1146 5090 1352 5144 tribuit.
1387 5089 1572 5161 ltaque
1601 5092 2013 5166 iconomachos,
2044 5104 2134 5171 qni
2177 5107 2465 5163 catholicis
2512 5108 2837 5169 idololatrici
2864 5119 3043 5174 cultus
3074 5124 3279 5181 crimen
3306 5130 3503 5202 impin-

229 5178 469 5243 gebant,
521 5186 664 5227 noro
689 5176 965 5232 baereseos
995 5178 1149 5232 titulo
1179 5189 1460 5249 nuncupat
1489 5181 2154 5260 Χριστιανοκατηγόρους.
2207 5192 2411 5250 Praeter
2441 5197 2541 5253 hos
2578 5210 2688 5256 tres
2718 5222 2747 5256 a
2794 5207 2952 5262 nobis
2975 5210 3148 5267 editos
3175 5214 3500 5275 Antii-rheti-

225 5277 342 5323 ιη,
382 5260 711 5316 Bandurius
741 5261 882 5320 alios
913 5278 1131 5335 quoque
1178 5261 1466 5335 Nicephori
1506 5266 1895 5329 Antii-rheticas
1933 5278 1986 5331 in
2029 5281 2312 5338 codicibus
2357 5286 2513 5351 vidit,
2557 5304 2752 5363 nempe
2800 5295 2850 5348 i.
2880 5294 3160 5356 Adversus
3202 5306 3494 5364 Eusebium

218 5360 396 5406 secta
434 5348 863 5407 lconoclasticae
892 5354 1215 5423 principem.
1244 5353 1300 5408 2.
1330 5355 1605 5413 Adversus
1634 5359 2024 5429 Epiphanidem
2058 5380 2506 5427 consectaneum.
2537 5373 2592 5428 5.
2636 5378 2918 5437 Adversus
2950 5400 3045 5440 eos
3066 5390 3157 5456 qui
3197 5391 3494 5452 salvatoris

216 5440 541 5505 imaginem
568 5437 771 5491 idolum
799 5452 923 5494 esse
958 5440 1233 5495 dicebant.
1278 5441 1660 5501 Verumtamen
1702 5449 1752 5502 hi
1787 5458 1897 5504 tres
1938 5457 2197 5521 postremi
2227 5457 2278 5511 in
2315 5460 2593 5520 Vaticanis
2629 5469 3074 5531 niihi‚codicibus
3104 5494 3209 5533 non
3236 5496 3492 5539 occurre·

208 5532 351 5585 lum
380 5528 501 5593 (a).
540 5522 663 5580 lam
697 5524 1045 5583 Theodorum
1079 5544 1293 5599 quoque
1323 5532 1617 5598 studitam,
1645 5531 1940 5603 Nic-ephori
1978 5546 2441 5613 contemporalem
2477 5564 2540 5605 ac
2565 5552 2914 5624 familiarem,
2939 5568 3050 5617 tres
3087 5577 3272 5620 contra
3306 5567 3495 5626 leono-

3197 4349 3515 4412 caeteratqtte

278 5648 367 5715 ιη)
400 5644 932 5770 Νἰιῗῦιιιῖιὲιῖιπιῶἓο
956 5645 1132 5701 sacris
1160 5648 1484 5718 imaginibus
1526 5654 1632 5711 ridi
1668 5656 1896 5714 citatum
1937 5652 2100 5715 etiam
2137 5678 2166 5717 a
2198 5662 2431 5737 Georgio
2469 5669 2780 5731 llamartolo
2821 5677 2874 5731 in
2916 5678 3187 5738 Chronico
3227 5699 3330 5741 ms.
3373 5687 3490 5747 Yat.

206 5730 263 5785 p.
298 5718 428 5781 12⁵3,
590 5754 607 5777 ‚
750 5756 767 5781 ι
838 5718 855 5741 ⁴
894 5736 929 5770 '-

520 5796 799 5857 Parnon
848 5797 967 5857 Gn.
1003 5793 1071 5857 C.
3148 5831 3183 5891 ²
