<?xml version="1.0" encoding="UTF-8"?>
<!DOCTYPE html PUBLIC "-//W3C//DTD XHTML 1.0 Transitional//EN"
    "http://www.w3.org/TR/xhtml1/DTD/xhtml1-transitional.dtd">
<html xmlns="http://www.w3.org/1999/xhtml" xml:lang="en" lang="en">
 <head>
  <title>
</title>
<meta http-equiv="Content-Type" content="text/html;charset=utf-8" />
  <meta name='ocr-system' content='tesseract 3.04.00' />
  <meta name='ocr-capabilities' content='ocr_page ocr_carea ocr_par ocr_line ocrx_word'/>
</head>
<body>
  <div class='ocr_page' id='page_1' title='image "./patrologicursus106migngoog_0547.png"; bbox 0 0 3984 6200; ppageno 0'>
   <div class='ocr_carea' id='block_1_1' title="bbox 186 405 317 472">
    <p class='ocr_par' dir='ltr' id='par_1_1' title="bbox 186 405 317 472">
     <span class='ocr_line' id='line_1_1' title="bbox 186 405 317 472; baseline 0.008 -2"><span class='ocrx_word' id='word_1_1' title='bbox 186 405 317 472; x_wconf 74' lang='lat'>1085</span> 
     </span>
    </p>
   </div>
   <div class='ocr_carea' id='block_1_2' title="bbox 1296 375 2413 482">
    <p class='ocr_par' dir='ltr' id='par_1_2' title="bbox 1296 375 2413 482">
     <span class='ocr_line' id='line_1_2' title="bbox 1296 375 2413 482; baseline 0.002 -4"><span class='ocrx_word' id='word_1_2' title='bbox 1296 417 1475 478; x_wconf 80' lang='lat' dir='ltr'>VITA</span> <span class='ocrx_word' id='word_1_3' title='bbox 1523 419 1584 479; x_wconf 90' lang='lat' dir='ltr'>S.</span> <span class='ocrx_word' id='word_1_4' title='bbox 1616 375 1997 481; x_wconf 75' lang='lat' dir='ltr'><strong>STEPHANI</strong></span> <span class='ocrx_word' id='word_1_5' title='bbox 2030 418 2413 482; x_wconf 85' lang='lat' dir='ltr'>JUNlORlS.</span> 
     </span>
    </p>
   </div>
   <div class='ocr_carea' id='block_1_3' title="bbox 3309 415 3444 479">
    <p class='ocr_par' dir='ltr' id='par_1_3' title="bbox 3309 415 3444 479">
     <span class='ocr_line' id='line_1_3' title="bbox 3309 415 3444 479; baseline 0 -1"><span class='ocrx_word' id='word_1_6' title='bbox 3309 415 3444 479; x_wconf 64' lang='lat' dir='ltr'>loss»</span> 
     </span>
    </p>
   </div>
   <div class='ocr_carea' id='block_1_4' title="bbox 184 520 3440 600">
    <p class='ocr_par' dir='ltr' id='par_1_4' title="bbox 184 520 3440 600">
     <span class='ocr_line' id='line_1_4' title="bbox 184 520 3440 600; baseline 0.003 -27"><span class='ocrx_word' id='word_1_7' title='bbox 184 521 345 593; x_wconf 70' lang='grc' dir='ltr'><strong>μέσον</strong></span> <span class='ocrx_word' id='word_1_8' title='bbox 376 522 437 575; x_wconf 77' lang='grc' dir='ltr'>ὲν</span> <span class='ocrx_word' id='word_1_9' title='bbox 478 520 693 585; x_wconf 87' lang='grc' dir='ltr'><strong>τούτοις</strong></span> <span class='ocrx_word' id='word_1_10' title='bbox 729 522 844 586; x_wconf 86' lang='grc' dir='ltr'><strong>τοῖς</strong></span> <span class='ocrx_word' id='word_1_11' title='bbox 879 522 1096 595; x_wconf 79' lang='grc' dir='ltr'>χρόνοις</span> <span class='ocrx_word' id='word_1_12' title='bbox 1126 524 1510 595; x_wconf 74' lang='grc' dir='ltr'>περιελθόντες</span> <span class='ocrx_word' id='word_1_13' title='bbox 1555 528 1754 582; x_wconf 85' lang='grc' dir='ltr'><strong>δίκαιοι</strong></span> <span class='ocrx_word' id='word_1_14' title='bbox 1784 537 1830 592; x_wconf 77' lang='grc' dir='ltr'><strong>Α</strong></span> <span class='ocrx_word' id='word_1_15' title='bbox 1860 538 1940 584; x_wconf 88' lang='lat' dir='ltr'>tra</span> <span class='ocrx_word' id='word_1_16' title='bbox 1972 529 2103 585; x_wconf 86' lang='lat' dir='ltr'>illud</span> <span class='ocrx_word' id='word_1_17' title='bbox 2129 530 2390 600; x_wconf 84' lang='lat' dir='ltr'>temporis</span> <span class='ocrx_word' id='word_1_18' title='bbox 2418 528 2656 600; x_wconf 81' lang='lat' dir='ltr'>spatium</span> <span class='ocrx_word' id='word_1_19' title='bbox 2685 527 2946 585; x_wconf 74' lang='lat' dir='ltr'>exstitere</span> <span class='ocrx_word' id='word_1_20' title='bbox 2959 526 3095 596; x_wconf 85' lang='lat' dir='ltr'>justi</span> <span class='ocrx_word' id='word_1_21' title='bbox 3118 529 3334 589; x_wconf 78' lang='lat' dir='ltr'>Patres,</span> <span class='ocrx_word' id='word_1_22' title='bbox 3357 536 3440 581; x_wconf 71' lang='lat' dir='ltr'>n&#39;-</span> 
     </span>
    </p>
   </div>
   <div class='ocr_carea' id='block_1_5' title="bbox 174 610 1763 1869">
    <p class='ocr_par' dir='ltr' id='par_1_5' title="bbox 174 610 1763 1869">
     <span class='ocr_line' id='line_1_5' title="bbox 180 610 1757 684; baseline 0.003 -18"><span class='ocrx_word' id='word_1_23' title='bbox 180 610 423 683; x_wconf 74' lang='grc' dir='ltr'><strong>Πατὲρες</strong></span> <span class='ocrx_word' id='word_1_24' title='bbox 450 613 578 684; x_wconf 71' lang='grc' dir='ltr'><strong>περὶ</strong></span> <span class='ocrx_word' id='word_1_25' title='bbox 607 611 713 667; x_wconf 82' lang='grc' dir='ltr'>τῶν</span> <span class='ocrx_word' id='word_1_26' title='bbox 738 612 909 682; x_wconf 86' lang='grc' dir='ltr'><strong>ἀγίων</strong></span> <span class='ocrx_word' id='word_1_27' title='bbox 939 614 1036 669; x_wconf 71' lang='grc' dir='ltr'>καὶ</span> <span class='ocrx_word' id='word_1_28' title='bbox 1057 615 1276 669; x_wconf 86' lang='grc' dir='ltr'><strong>σεπτῶν</strong></span> <span class='ocrx_word' id='word_1_29' title='bbox 1300 617 1528 672; x_wconf 75' lang='grc' dir='ltr'><strong>εἰκόνων</strong></span> <span class='ocrx_word' id='word_1_30' title='bbox 1577 618 1757 672; x_wconf 81' lang='grc' dir='ltr'><strong>τοιοῦ-</strong></span> 
     </span>
     <span class='ocr_line' id='line_1_6' title="bbox 178 703 1759 781; baseline 0.005 -25"><span class='ocrx_word' id='word_1_31' title='bbox 178 703 269 756; x_wconf 75' lang='grc' dir='ltr'>τόν</span> <span class='ocrx_word' id='word_1_32' title='bbox 292 719 348 757; x_wconf 86' lang='grc' dir='ltr'>τι</span> <span class='ocrx_word' id='word_1_33' title='bbox 380 705 483 759; x_wconf 82' lang='grc' dir='ltr'>οὐκ</span> <span class='ocrx_word' id='word_1_34' title='bbox 510 705 819 778; x_wconf 78' lang='grc' dir='ltr'><strong>ὲνενόησαν.</strong></span> <span class='ocrx_word' id='word_1_35' title='bbox 863 705 1195 779; x_wconf 78' lang='grc' dir='ltr'><strong>Ἐξαρχῆθεν</strong></span> <span class='ocrx_word' id='word_1_36' title='bbox 1226 708 1338 781; x_wconf 86' lang='grc' dir='ltr'>γάρ</span> <span class='ocrx_word' id='word_1_37' title='bbox 1363 710 1503 780; x_wconf 82' lang='grc' dir='ltr'><strong>μετὰ</strong></span> <span class='ocrx_word' id='word_1_38' title='bbox 1535 710 1638 781; x_wconf 80' lang='grc' dir='ltr'>τὴν</span> <span class='ocrx_word' id='word_1_39' title='bbox 1665 709 1759 764; x_wconf 81' lang='grc' dir='ltr'>τοῦ</span> 
     </span>
     <span class='ocr_line' id='line_1_7' title="bbox 179 792 1762 873; baseline 0.004 -24"><span class='ocrx_word' id='word_1_40' title='bbox 179 792 418 863; x_wconf 72' lang='grc' dir='ltr'><strong>Χριστοῦ</strong></span> <span class='ocrx_word' id='word_1_41' title='bbox 467 796 549 860; x_wconf 84' lang='grc' dir='ltr'>είς</span> <span class='ocrx_word' id='word_1_42' title='bbox 584 794 851 867; x_wconf 71' lang='grc' dir='ltr'><strong>οὐρανοὺς</strong></span> <span class='ocrx_word' id='word_1_43' title='bbox 887 796 1180 870; x_wconf 77' lang='grc' dir='ltr'><strong>ἀνάληψιν,</strong></span> <span class='ocrx_word' id='word_1_44' title='bbox 1212 800 1247 871; x_wconf 82' lang='grc' dir='ltr'><strong>ὴ</strong></span> <span class='ocrx_word' id='word_1_45' title='bbox 1290 800 1534 873; x_wconf 85' lang='grc' dir='ltr'><strong>είκονικὴ</strong></span> <span class='ocrx_word' id='word_1_46' title='bbox 1568 802 1762 873; x_wconf 83' lang='grc' dir='ltr'><strong>ὅρασις</strong></span> 
     </span>
     <span class='ocr_line' id='line_1_8' title="bbox 180 884 1759 965; baseline 0.004 -25"><span class='ocrx_word' id='word_1_47' title='bbox 180 884 525 958; x_wconf 78' lang='grc' dir='ltr'><strong>ἁνετυπώθη.</strong></span> <span class='ocrx_word' id='word_1_48' title='bbox 556 887 715 959; x_wconf 60' lang='lat' dir='ltr'>nepot</span> <span class='ocrx_word' id='word_1_49' title='bbox 734 905 794 942; x_wconf 87' lang='grc' dir='ltr'>τε</span> <span class='ocrx_word' id='word_1_50' title='bbox 840 887 951 960; x_wconf 89' lang='grc' dir='ltr'>γάρ</span> <span class='ocrx_word' id='word_1_51' title='bbox 982 890 1084 960; x_wconf 82' lang='grc' dir='ltr'>τῆς</span> <span class='ocrx_word' id='word_1_52' title='bbox 1126 890 1397 964; x_wconf 81' lang='grc' dir='ltr'><strong>αίμόρρου</strong></span> <span class='ocrx_word' id='word_1_53' title='bbox 1426 895 1509 957; x_wconf 77' lang='grc' dir='ltr'>εἰς</span> <span class='ocrx_word' id='word_1_54' title='bbox 1535 891 1634 965; x_wconf 71' lang='grc' dir='ltr'>τὴν</span> <span class='ocrx_word' id='word_1_55' title='bbox 1672 893 1759 947; x_wconf 76' lang='grc' dir='ltr'><strong>ἐπ’</strong></span> 
     </span>
     <span class='ocr_line' id='line_1_9' title="bbox 180 974 1760 1054; baseline 0.005 -25"><span class='ocrx_word' id='word_1_56' title='bbox 180 975 319 1047; x_wconf 75' lang='grc' dir='ltr'><strong>αὑτῇ</strong></span> <span class='ocrx_word' id='word_1_57' title='bbox 399 974 837 1048; x_wconf 80' lang='grc' dir='ltr'><strong>θαυματοποιίαν</strong></span> <span class='ocrx_word' id='word_1_58' title='bbox 893 982 1187 1048; x_wconf 86' lang='grc' dir='ltr'><strong>γεγονυῖαν</strong></span> <span class='ocrx_word' id='word_1_59' title='bbox 1245 982 1280 1053; x_wconf 81' lang='grc' dir='ltr'><strong>ὴ</strong></span> <span class='ocrx_word' id='word_1_60' title='bbox 1341 983 1439 1037; x_wconf 80' lang='grc' dir='ltr'>τοῦ</span> <span class='ocrx_word' id='word_1_61' title='bbox 1507 982 1760 1054; x_wconf 78' lang='grc' dir='ltr'><strong>Σωτῆρος</strong></span> 
     </span>
     <span class='ocr_line' id='line_1_10' title="bbox 179 1067 1756 1149; baseline 0.006 -29"><span class='ocrx_word' id='word_1_62' title='bbox 179 1067 343 1125; x_wconf 68' lang='grc' dir='ltr'><strong>εἰκὼν</strong></span> <span class='ocrx_word' id='word_1_63' title='bbox 367 1068 851 1142; x_wconf 72' lang='grc' dir='ltr'><strong>ἐστηλογραφήθη.</strong></span> <span class='ocrx_word' id='word_1_64' title='bbox 877 1072 1020 1143; x_wconf 62' lang='grc' dir='ltr'><strong>Μεθ’</strong></span> <span class='ocrx_word' id='word_1_65' title='bbox 1043 1067 1113 1145; x_wconf 85' lang='grc' dir='ltr'><strong>ἦς</strong></span> <span class='ocrx_word' id='word_1_66' title='bbox 1154 1075 1250 1129; x_wconf 71' lang='grc' dir='ltr'>καὶ</span> <span class='ocrx_word' id='word_1_67' title='bbox 1281 1076 1702 1149; x_wconf 86' lang='grc' dir='ltr'><strong>ἀχειροποίητος</strong></span> <span class='ocrx_word' id='word_1_68' title='bbox 1721 1078 1756 1149; x_wconf 81' lang='grc' dir='ltr'>ὴ</span> 
     </span>
     <span class='ocr_line' id='line_1_11' title="bbox 179 1159 1762 1241; baseline 0.006 -28"><span class='ocrx_word' id='word_1_69' title='bbox 179 1163 235 1214; x_wconf 71' lang='grc' dir='ltr'>ἰν</span> <span class='ocrx_word' id='word_1_70' title='bbox 273 1159 465 1233; x_wconf 73' lang='grc' dir='ltr'><strong>Ἐδέσῃ</strong></span> <span class='ocrx_word' id='word_1_71' title='bbox 493 1164 560 1233; x_wconf 77' lang='grc' dir='ltr'>τῇ</span> <span class='ocrx_word' id='word_1_72' title='bbox 594 1162 790 1217; x_wconf 76' lang='grc' dir='ltr'><strong>πόλει·</strong></span> <span class='ocrx_word' id='word_1_73' title='bbox 814 1164 1017 1219; x_wconf 80' lang='grc' dir='ltr'><strong>αὐτίκα</strong></span> <span class='ocrx_word' id='word_1_74' title='bbox 1060 1166 1155 1220; x_wconf 77' lang='grc' dir='ltr'>καὶ</span> <span class='ocrx_word' id='word_1_75' title='bbox 1202 1167 1235 1237; x_wconf 79' lang='grc' dir='ltr'>ἡ</span> <span class='ocrx_word' id='word_1_76' title='bbox 1274 1167 1424 1237; x_wconf 77' lang='grc' dir='ltr'><strong>παρὰ</strong></span> <span class='ocrx_word' id='word_1_77' title='bbox 1454 1168 1532 1232; x_wconf 80' lang='grc' dir='ltr'>τῷ</span> <span class='ocrx_word' id='word_1_78' title='bbox 1575 1170 1762 1241; x_wconf 79' lang='grc' dir='ltr'><strong>Λουκᾷ</strong></span> 
     </span>
     <span class='ocr_line' id='line_1_12' title="bbox 176 1248 1762 1331; baseline 0.006 -28"><span class='ocrx_word' id='word_1_79' title='bbox 176 1251 253 1321; x_wconf 78' lang='grc' dir='ltr'>τῷ</span> <span class='ocrx_word' id='word_1_80' title='bbox 289 1252 650 1326; x_wconf 81' lang='grc' dir='ltr'><strong>εὐαγγελιστῇ</strong></span> <span class='ocrx_word' id='word_1_81' title='bbox 684 1255 1031 1327; x_wconf 85' lang='grc' dir='ltr'><strong>ἱστορηθεῖσα</strong></span> <span class='ocrx_word' id='word_1_82' title='bbox 1051 1255 1161 1310; x_wconf 76' lang='grc' dir='ltr'>ἀπὸ</span> <span class='ocrx_word' id='word_1_83' title='bbox 1197 1256 1589 1330; x_wconf 83' lang='grc' dir='ltr'><strong>Ἱεροσολύμων</strong></span> <span class='ocrx_word' id='word_1_84' title='bbox 1623 1248 1762 1331; x_wconf 57' lang='grc' dir='ltr'><strong>πρὶς</strong></span> 
     </span>
     <span class='ocr_line' id='line_1_13' title="bbox 176 1342 1762 1415; baseline 0.005 -19"><span class='ocrx_word' id='word_1_85' title='bbox 176 1342 438 1412; x_wconf 67' lang='grc' dir='ltr'><strong>Θεόφιλον</strong></span> <span class='ocrx_word' id='word_1_86' title='bbox 464 1343 566 1415; x_wconf 80' lang='grc' dir='ltr'>τῆς</span> <span class='ocrx_word' id='word_1_87' title='bbox 596 1343 871 1415; x_wconf 83' lang='grc' dir='ltr'><strong>πανάγνου</strong></span> <span class='ocrx_word' id='word_1_88' title='bbox 921 1348 1016 1400; x_wconf 72' lang='grc' dir='ltr'>καὶ</span> <span class='ocrx_word' id='word_1_89' title='bbox 1052 1346 1317 1401; x_wconf 83' lang='grc' dir='ltr'><strong>Θεοτόκου</strong></span> <span class='ocrx_word' id='word_1_90' title='bbox 1367 1348 1552 1404; x_wconf 84' lang='grc' dir='ltr'><strong>είκών.</strong></span> <span class='ocrx_word' id='word_1_91' title='bbox 1601 1349 1762 1404; x_wconf 83' lang='grc' dir='ltr'><strong>Ἀλλὰ</strong></span> 
     </span>
     <span class='ocr_line' id='line_1_14' title="bbox 178 1432 1763 1509; baseline 0.002 -20"><span class='ocrx_word' id='word_1_92' title='bbox 178 1436 273 1489; x_wconf 77' lang='grc' dir='ltr'>καὶ</span> <span class='ocrx_word' id='word_1_93' title='bbox 305 1434 363 1487; x_wconf 74' lang='grc' dir='ltr'>αι</span> <span class='ocrx_word' id='word_1_94' title='bbox 398 1434 552 1503; x_wconf 68' lang='grc' dir='ltr'><strong>ἅγιαι</strong></span> <span class='ocrx_word' id='word_1_95' title='bbox 581 1432 639 1502; x_wconf 75' lang='grc' dir='ltr'>ἓξ</span> <span class='ocrx_word' id='word_1_96' title='bbox 670 1435 1052 1507; x_wconf 76' lang='grc' dir='ltr'><strong>οῑκουμενικαὶ</strong></span> <span class='ocrx_word' id='word_1_97' title='bbox 1082 1435 1293 1490; x_wconf 76' lang='grc' dir='ltr'><strong>σύνοδοι</strong></span> <span class='ocrx_word' id='word_1_98' title='bbox 1326 1436 1534 1502; x_wconf 83' lang='grc' dir='ltr'><strong>ταύτας</strong></span> <span class='ocrx_word' id='word_1_99' title='bbox 1571 1437 1763 1509; x_wconf 81' lang='grc' dir='ltr'><strong>εὑροῦ-</strong></span> 
     </span>
     <span class='ocr_line' id='line_1_15' title="bbox 176 1524 1760 1600; baseline 0.003 -22"><span class='ocrx_word' id='word_1_100' title='bbox 176 1541 291 1589; x_wconf 84' lang='grc' dir='ltr'><strong>σαι,</strong></span> <span class='ocrx_word' id='word_1_101' title='bbox 341 1524 764 1597; x_wconf 74' lang='grc' dir='ltr'><strong>προσκυνεῖσθαι</strong></span> <span class='ocrx_word' id='word_1_102' title='bbox 792 1525 1111 1595; x_wconf 77' lang='grc' dir='ltr'><strong>διετάξαντο</strong></span> <span class='ocrx_word' id='word_1_103' title='bbox 1153 1527 1248 1581; x_wconf 76' lang='grc' dir='ltr'>καὶ</span> <span class='ocrx_word' id='word_1_104' title='bbox 1284 1527 1383 1581; x_wconf 80' lang='grc' dir='ltr'>οὐκ</span> <span class='ocrx_word' id='word_1_105' title='bbox 1417 1528 1760 1600; x_wconf 83' lang='grc' dir='ltr'><strong>ἀποστρέφε-</strong></span> 
     </span>
     <span class='ocr_line' id='line_1_16' title="bbox 176 1612 1760 1689; baseline 0.002 -21"><span class='ocrx_word' id='word_1_106' title='bbox 176 1613 326 1670; x_wconf 88' lang='grc' dir='ltr'><strong>σθαι.</strong></span> <span class='ocrx_word' id='word_1_107' title='bbox 358 1615 503 1689; x_wconf 79' lang='grc' dir='ltr'><strong>Ἐσῃ</strong></span> <span class='ocrx_word' id='word_1_108' title='bbox 532 1614 590 1669; x_wconf 79' lang='grc' dir='ltr'>δὲ</span> <span class='ocrx_word' id='word_1_109' title='bbox 617 1612 924 1684; x_wconf 79' lang='grc' dir='ltr'><strong>γινώσκων,</strong></span> <span class='ocrx_word' id='word_1_110' title='bbox 959 1616 1205 1687; x_wconf 78' lang='grc' dir='ltr'><strong>βασιλεῦ,</strong></span> <span class='ocrx_word' id='word_1_111' title='bbox 1238 1618 1322 1670; x_wconf 82' lang='grc' dir='ltr'>ὅτι</span> <span class='ocrx_word' id='word_1_112' title='bbox 1350 1617 1401 1670; x_wconf 82' lang='grc' dir='ltr'>εἰ</span> <span class='ocrx_word' id='word_1_113' title='bbox 1428 1615 1587 1671; x_wconf 82' lang='grc' dir='ltr'><strong>τοῦτο</strong></span> <span class='ocrx_word' id='word_1_114' title='bbox 1617 1633 1760 1688; x_wconf 87' lang='grc' dir='ltr'><strong>κρα-</strong></span> 
     </span>
     <span class='ocr_line' id='line_1_17' title="bbox 174 1702 1760 1777; baseline 0.002 -20"><span class='ocrx_word' id='word_1_115' title='bbox 174 1704 427 1777; x_wconf 78' lang='grc' dir='ltr'><strong>τήσειας,</strong></span> <span class='ocrx_word' id='word_1_116' title='bbox 457 1702 599 1777; x_wconf 77' lang='grc' dir='ltr'><strong>ὑπὲρ</strong></span> <span class='ocrx_word' id='word_1_117' title='bbox 624 1705 733 1758; x_wconf 79' lang='grc' dir='ltr'>τῶν</span> <span class='ocrx_word' id='word_1_118' title='bbox 764 1705 938 1773; x_wconf 85' lang='grc' dir='ltr'><strong>ἁγίων</strong></span> <span class='ocrx_word' id='word_1_119' title='bbox 971 1706 1067 1760; x_wconf 77' lang='grc' dir='ltr'>καὶ</span> <span class='ocrx_word' id='word_1_120' title='bbox 1110 1705 1325 1760; x_wconf 85' lang='grc' dir='ltr'><strong>σεπτῶν</strong></span> <span class='ocrx_word' id='word_1_121' title='bbox 1364 1705 1593 1761; x_wconf 80' lang='grc' dir='ltr'><strong>εἰκόνων</strong></span> <span class='ocrx_word' id='word_1_122' title='bbox 1617 1706 1760 1761; x_wconf 81' lang='grc' dir='ltr'><strong>ἑτοί-</strong></span> 
     </span>
     <span class='ocr_line' id='line_1_18' title="bbox 177 1794 1763 1869; baseline 0.003 -20"><span class='ocrx_word' id='word_1_123' title='bbox 177 1811 301 1867; x_wconf 85' lang='grc' dir='ltr'><strong>μως</strong></span> <span class='ocrx_word' id='word_1_124' title='bbox 354 1794 758 1866; x_wconf 77' lang='grc' dir='ltr'><strong>ἀποθανοῦμαι.</strong></span> <span class='ocrx_word' id='word_1_125' title='bbox 807 1794 871 1851; x_wconf 80' lang='grc' dir='ltr'><strong>Ἦ</strong></span> <span class='ocrx_word' id='word_1_126' title='bbox 910 1795 1018 1869; x_wconf 86' lang='grc' dir='ltr'>γάρ</span> <span class='ocrx_word' id='word_1_127' title='bbox 1062 1795 1159 1850; x_wconf 84' lang='grc' dir='ltr'>τοῦ</span> <span class='ocrx_word' id='word_1_128' title='bbox 1201 1796 1443 1869; x_wconf 81' lang='grc' dir='ltr'><strong>Χριστοῦ</strong></span> <span class='ocrx_word' id='word_1_129' title='bbox 1489 1797 1654 1853; x_wconf 87' lang='grc' dir='ltr'><strong>είκὼν</strong></span> <span class='ocrx_word' id='word_1_130' title='bbox 1701 1799 1763 1853; x_wconf 80' lang='grc' dir='ltr'>τὸ</span> 
     </span>
    </p>
   </div>
   <div class='ocr_carea' id='block_1_6' title="bbox 1860 618 3468 1872">
    <p class='ocr_par' dir='ltr' id='par_1_6' title="bbox 1860 618 3468 1872">
     <span class='ocr_line' id='line_1_19' title="bbox 1861 618 3447 693; baseline 0.001 -20"><span class='ocrx_word' id='word_1_131' title='bbox 1861 619 1935 674; x_wconf 91' lang='lat' dir='ltr'>bil</span> <span class='ocrx_word' id='word_1_132' title='bbox 1970 621 2076 675; x_wconf 87' lang='lat' dir='ltr'>tale</span> <span class='ocrx_word' id='word_1_133' title='bbox 2091 623 2158 676; x_wconf 91' lang='lat' dir='ltr'>de</span> <span class='ocrx_word' id='word_1_134' title='bbox 2175 621 2382 677; x_wconf 86' lang='lat' dir='ltr'>sanctis</span> <span class='ocrx_word' id='word_1_135' title='bbox 2411 629 2466 676; x_wconf 91' lang='lat' dir='ltr'>et</span> <span class='ocrx_word' id='word_1_136' title='bbox 2491 620 2816 677; x_wconf 67' lang='lat' dir='ltr'>venerandis</span> <span class='ocrx_word' id='word_1_137' title='bbox 2849 618 3179 690; x_wconf 78' lang='lat' dir='ltr'>imaginibus</span> <span class='ocrx_word' id='word_1_138' title='bbox 3225 622 3447 693; x_wconf 78' lang='lat' dir='ltr'>excogi-</span> 
     </span>
     <span class='ocr_line' id='line_1_20' title="bbox 1862 709 3446 781; baseline 0.003 -19"><span class='ocrx_word' id='word_1_139' title='bbox 1862 717 2067 766; x_wconf 83' lang='lat' dir='ltr'>tavere.</span> <span class='ocrx_word' id='word_1_140' title='bbox 2091 710 2370 781; x_wconf 82' lang='lat' dir='ltr'>Siquidem</span> <span class='ocrx_word' id='word_1_141' title='bbox 2399 711 2467 767; x_wconf 85' lang='lat' dir='ltr'>ab</span> <span class='ocrx_word' id='word_1_142' title='bbox 2488 711 2642 767; x_wconf 88' lang='lat' dir='ltr'>initio</span> <span class='ocrx_word' id='word_1_143' title='bbox 2672 721 2793 781; x_wconf 91' lang='lat' dir='ltr'>post</span> <span class='ocrx_word' id='word_1_144' title='bbox 2822 709 3029 766; x_wconf 82' lang='lat' dir='ltr'>Christi</span> <span class='ocrx_word' id='word_1_145' title='bbox 3061 710 3115 764; x_wconf 90' lang='lat' dir='ltr'>in</span> <span class='ocrx_word' id='word_1_146' title='bbox 3149 709 3315 766; x_wconf 87' lang='lat' dir='ltr'>eoelos</span> <span class='ocrx_word' id='word_1_147' title='bbox 3357 727 3446 767; x_wconf 88' lang='lat' dir='ltr'>as-</span> 
     </span>
     <span class='ocr_line' id='line_1_21' title="bbox 1862 796 3441 873; baseline -0.001 -15"><span class='ocrx_word' id='word_1_148' title='bbox 1862 803 2223 873; x_wconf 75' lang='lat' dir='ltr'>sumptionem</span> <span class='ocrx_word' id='word_1_149' title='bbox 2256 803 2522 873; x_wconf 76' lang='lat' dir='ltr'><strong>imagines</strong></span> <span class='ocrx_word' id='word_1_150' title='bbox 2549 817 2823 873; x_wconf 84' lang='lat' dir='ltr'>expressae</span> <span class='ocrx_word' id='word_1_151' title='bbox 2852 810 2998 857; x_wconf 87' lang='lat' dir='ltr'>suut.</span> <span class='ocrx_word' id='word_1_152' title='bbox 3022 796 3441 857; x_wconf 75' lang='lat' dir='ltr'>Nam‘Salvato·</span> 
     </span>
     <span class='ocr_line' id='line_1_22' title="bbox 1862 892 3443 964; baseline -0.002 -15"><span class='ocrx_word' id='word_1_153' title='bbox 1862 896 1939 950; x_wconf 88' lang='lat' dir='ltr'>ris</span> <span class='ocrx_word' id='word_1_154' title='bbox 1970 893 2202 964; x_wconf 83' lang='lat' dir='ltr'>effigiem</span> <span class='ocrx_word' id='word_1_155' title='bbox 2252 894 2310 949; x_wconf 90' lang='lat' dir='ltr'>in</span> <span class='ocrx_word' id='word_1_156' title='bbox 2365 895 2682 949; x_wconf 81' lang='lat' dir='ltr'>memoriam</span> <span class='ocrx_word' id='word_1_157' title='bbox 2739 892 2989 949; x_wconf 75' lang='lat' dir='ltr'>miraculi</span> <span class='ocrx_word' id='word_1_158' title='bbox 3035 894 3087 947; x_wconf 90' lang='lat' dir='ltr'>in</span> <span class='ocrx_word' id='word_1_159' title='bbox 3136 907 3197 947; x_wconf 90' lang='lat' dir='ltr'>se</span> <span class='ocrx_word' id='word_1_160' title='bbox 3245 893 3443 961; x_wconf 82' lang='lat' dir='ltr'>patrati</span> 
     </span>
     <span class='ocr_line' id='line_1_23' title="bbox 1861 982 3442 1055; baseline -0.001 -15"><span class='ocrx_word' id='word_1_161' title='bbox 1861 986 2018 1055; x_wconf 83' lang='lat' dir='ltr'>cippo</span> <span class='ocrx_word' id='word_1_162' title='bbox 2068 983 2300 1055; x_wconf 83' lang='lat' dir='ltr'>insculpi</span> <span class='ocrx_word' id='word_1_163' title='bbox 2344 986 2554 1040; x_wconf 78' lang='lat' dir='ltr'>curavit</span> <span class='ocrx_word' id='word_1_164' title='bbox 2585 984 3027 1051; x_wconf 67' lang='lat' dir='ltr'>haemorrhoissa,</span> <span class='ocrx_word' id='word_1_165' title='bbox 3053 983 3138 1040; x_wconf 90' lang='lat' dir='ltr'>cui</span> <span class='ocrx_word' id='word_1_166' title='bbox 3171 982 3260 1037; x_wconf 90' lang='lat' dir='ltr'>illa</span> <span class='ocrx_word' id='word_1_167' title='bbox 3294 983 3442 1038; x_wconf 89' lang='lat' dir='ltr'>nullo</span> 
     </span>
     <span class='ocr_line' id='line_1_24' title="bbox 1862 1075 3444 1144; baseline -0.001 -13"><span class='ocrx_word' id='word_1_168' title='bbox 1862 1075 2093 1132; x_wconf 78' lang='lat' dir='ltr'>artificio</span> <span class='ocrx_word' id='word_1_169' title='bbox 2117 1075 2359 1131; x_wconf 86' lang='lat' dir='ltr'>humano</span> <span class='ocrx_word' id='word_1_170' title='bbox 2383 1075 2527 1131; x_wconf 79' lang='lat' dir='ltr'>sacta</span> <span class='ocrx_word' id='word_1_171' title='bbox 2557 1075 2898 1144; x_wconf 84' lang='lat' dir='ltr'>adjungenda</span> <span class='ocrx_word' id='word_1_172' title='bbox 2928 1085 3033 1139; x_wconf 89' lang='lat' dir='ltr'>est,</span> <span class='ocrx_word' id='word_1_173' title='bbox 3070 1089 3190 1144; x_wconf 83' lang='lat' dir='ltr'>qnae</span> <span class='ocrx_word' id='word_1_174' title='bbox 3225 1075 3277 1128; x_wconf 90' lang='lat' dir='ltr'>in</span> <span class='ocrx_word' id='word_1_175' title='bbox 3310 1076 3444 1129; x_wconf 84' lang='lat' dir='ltr'>urbe</span> 
     </span>
     <span class='ocr_line' id='line_1_25' title="bbox 1860 1165 3445 1234; baseline -0.003 -12"><span class='ocrx_word' id='word_1_176' title='bbox 1860 1167 2069 1223; x_wconf 78' lang='lat' dir='ltr'>Edessa</span> <span class='ocrx_word' id='word_1_177' title='bbox 2093 1174 2469 1232; x_wconf 79' lang='lat' dir='ltr'>conservatur,</span> <span class='ocrx_word' id='word_1_178' title='bbox 2513 1176 2571 1221; x_wconf 90' lang='lat' dir='ltr'>ut</span> <span class='ocrx_word' id='word_1_179' title='bbox 2600 1175 2656 1221; x_wconf 92' lang='lat' dir='ltr'>et</span> <span class='ocrx_word' id='word_1_180' title='bbox 2695 1165 2788 1221; x_wconf 88' lang='lat' dir='ltr'>illa</span> <span class='ocrx_word' id='word_1_181' title='bbox 2830 1166 3152 1221; x_wconf 68' lang='lat' dir='ltr'>castissimae</span> <span class='ocrx_word' id='word_1_182' title='bbox 3202 1165 3445 1234; x_wconf 77' lang='lat' dir='ltr'>Deiparae</span> 
     </span>
     <span class='ocr_line' id='line_1_26' title="bbox 1862 1255 3445 1328; baseline -0.003 -15"><span class='ocrx_word' id='word_1_183' title='bbox 1862 1258 2064 1328; x_wconf 87' lang='lat' dir='ltr'>imago,</span> <span class='ocrx_word' id='word_1_184' title='bbox 2093 1258 2256 1327; x_wconf 81' lang='lat' dir='ltr'>quam</span> <span class='ocrx_word' id='word_1_185' title='bbox 2297 1271 2328 1312; x_wconf 85' lang='lat' dir='ltr'>a</span> <span class='ocrx_word' id='word_1_186' title='bbox 2370 1256 2513 1312; x_wconf 84' lang='lat' dir='ltr'>Luca</span> <span class='ocrx_word' id='word_1_187' title='bbox 2544 1255 2878 1326; x_wconf 79' lang='lat' dir='ltr'>evangelista</span> <span class='ocrx_word' id='word_1_188' title='bbox 2905 1256 3195 1324; x_wconf 75' lang='lat' dir='ltr'>depictam,</span> <span class='ocrx_word' id='word_1_189' title='bbox 3227 1255 3445 1310; x_wconf 70' lang='lat' dir='ltr'>leroso-</span> 
     </span>
     <span class='ocr_line' id='line_1_27' title="bbox 1860 1345 3445 1419; baseline -0.003 -16"><span class='ocrx_word' id='word_1_190' title='bbox 1860 1347 2023 1419; x_wconf 82' lang='lat' dir='ltr'>lymis</span> <span class='ocrx_word' id='word_1_191' title='bbox 2062 1348 2131 1403; x_wconf 90' lang='lat' dir='ltr'>ad</span> <span class='ocrx_word' id='word_1_192' title='bbox 2157 1346 2516 1417; x_wconf 81' lang='lat' dir='ltr'>Theophilum</span> <span class='ocrx_word' id='word_1_193' title='bbox 2559 1347 2780 1402; x_wconf 88' lang='lat' dir='ltr'>missam</span> <span class='ocrx_word' id='word_1_194' title='bbox 2810 1346 2982 1402; x_wconf 79' lang='lat' dir='ltr'>fuisse</span> <span class='ocrx_word' id='word_1_195' title='bbox 3016 1345 3292 1400; x_wconf 67' lang='lat' dir='ltr'>memoriae</span> <span class='ocrx_word' id='word_1_196' title='bbox 3318 1360 3445 1414; x_wconf 88' lang='lat' dir='ltr'>pro-</span> 
     </span>
     <span class='ocr_line' id='line_1_28' title="bbox 1862 1434 3441 1506; baseline -0.003 -14"><span class='ocrx_word' id='word_1_197' title='bbox 1862 1439 2033 1493; x_wconf 91' lang='lat' dir='ltr'>ditum</span> <span class='ocrx_word' id='word_1_198' title='bbox 2061 1446 2164 1494; x_wconf 90' lang='lat' dir='ltr'>est.</span> <span class='ocrx_word' id='word_1_199' title='bbox 2187 1437 2455 1493; x_wconf 79' lang='lat' dir='ltr'>Praeterea</span> <span class='ocrx_word' id='word_1_200' title='bbox 2486 1451 2690 1492; x_wconf 77' lang='lat' dir='ltr'>sanctae</span> <span class='ocrx_word' id='word_1_201' title='bbox 2725 1451 2822 1492; x_wconf 79' lang='lat' dir='ltr'>sex</span> <span class='ocrx_word' id='word_1_202' title='bbox 2851 1436 3201 1492; x_wconf 83' lang='lat' dir='ltr'>oecumenicae</span> <span class='ocrx_word' id='word_1_203' title='bbox 3226 1434 3441 1506; x_wconf 82' lang='lat' dir='ltr'>synodi,</span> 
     </span>
     <span class='ocr_line' id='line_1_29' title="bbox 1862 1525 3446 1598; baseline -0.001 -17"><span class='ocrx_word' id='word_1_204' title='bbox 1862 1543 1982 1598; x_wconf 84' lang='lat' dir='ltr'>quae</span> <span class='ocrx_word' id='word_1_205' title='bbox 2005 1528 2126 1584; x_wconf 88' lang='lat' dir='ltr'>illas</span> <span class='ocrx_word' id='word_1_206' title='bbox 2148 1536 2488 1596; x_wconf 83' lang='lat' dir='ltr'>repererunt,</span> <span class='ocrx_word' id='word_1_207' title='bbox 2509 1527 2728 1583; x_wconf 87' lang='lat' dir='ltr'>easdem</span> <span class='ocrx_word' id='word_1_208' title='bbox 2753 1527 3076 1592; x_wconf 85' lang='lat' dir='ltr'>adorandas,</span> <span class='ocrx_word' id='word_1_209' title='bbox 3114 1541 3218 1581; x_wconf 90' lang='lat' dir='ltr'>non</span> <span class='ocrx_word' id='word_1_210' title='bbox 3246 1525 3446 1580; x_wconf 82' lang='lat' dir='ltr'>abbor-</span> 
     </span>
     <span class='ocr_line' id='line_1_30' title="bbox 1863 1617 3468 1690; baseline -0.002 -15"><span class='ocrx_word' id='word_1_211' title='bbox 1863 1620 2063 1676; x_wconf 87' lang='lat' dir='ltr'>rendas</span> <span class='ocrx_word' id='word_1_212' title='bbox 2085 1620 2391 1675; x_wconf 80' lang='lat' dir='ltr'>sancivere.</span> <span class='ocrx_word' id='word_1_213' title='bbox 2430 1617 2722 1684; x_wconf 77' lang='lat' dir='ltr'>Caeterum,</span> <span class='ocrx_word' id='word_1_214' title='bbox 2757 1634 2858 1690; x_wconf 89' lang='lat' dir='ltr'>pro</span> <span class='ocrx_word' id='word_1_215' title='bbox 2901 1630 3054 1675; x_wconf 90' lang='lat' dir='ltr'>certo</span> <span class='ocrx_word' id='word_1_216' title='bbox 3088 1619 3311 1684; x_wconf 84' lang='lat' dir='ltr'>babeas,</span> <span class='ocrx_word' id='word_1_217' title='bbox 3345 1618 3468 1672; x_wconf 89' lang='lat' dir='ltr'>im·.</span> 
     </span>
     <span class='ocr_line' id='line_1_31' title="bbox 1863 1708 3447 1782; baseline -0.001 -16"><span class='ocrx_word' id='word_1_218' title='bbox 1863 1718 2101 1782; x_wconf 87' lang='lat' dir='ltr'>perator,</span> <span class='ocrx_word' id='word_1_219' title='bbox 2124 1711 2168 1767; x_wconf 91' lang='lat' dir='ltr'>si</span> <span class='ocrx_word' id='word_1_220' title='bbox 2197 1710 2299 1765; x_wconf 87' lang='lat' dir='ltr'>hac</span> <span class='ocrx_word' id='word_1_221' title='bbox 2324 1710 2376 1764; x_wconf 92' lang='lat' dir='ltr'>in</span> <span class='ocrx_word' id='word_1_222' title='bbox 2422 1724 2481 1765; x_wconf 93' lang='lat' dir='ltr'>re</span> <span class='ocrx_word' id='word_1_223' title='bbox 2507 1711 2558 1764; x_wconf 76' lang='lat' dir='ltr'>vi</span> <span class='ocrx_word' id='word_1_224' title='bbox 2583 1711 2658 1764; x_wconf 91' lang='lat' dir='ltr'>uti</span> <span class='ocrx_word' id='word_1_225' title='bbox 2690 1708 2952 1777; x_wconf 82' lang='lat' dir='ltr'>volueris,</span> <span class='ocrx_word' id='word_1_226' title='bbox 3003 1725 3088 1765; x_wconf 88' lang='lat' dir='ltr'>me</span> <span class='ocrx_word' id='word_1_227' title='bbox 3119 1724 3215 1779; x_wconf 88' lang='lat' dir='ltr'>pro</span> <span class='ocrx_word' id='word_1_228' title='bbox 3243 1710 3447 1765; x_wconf 90' lang='lat' dir='ltr'>sanctis</span> 
     </span>
     <span class='ocr_line' id='line_1_32' title="bbox 1862 1799 3442 1872; baseline -0.001 -17"><span class='ocrx_word' id='word_1_229' title='bbox 1862 1811 1918 1855; x_wconf 90' lang='lat' dir='ltr'>et</span> <span class='ocrx_word' id='word_1_230' title='bbox 1948 1801 2275 1856; x_wconf 78' lang='lat' dir='ltr'>venerandis</span> <span class='ocrx_word' id='word_1_231' title='bbox 2327 1800 2656 1872; x_wconf 85' lang='lat' dir='ltr'>imaginibus</span> <span class='ocrx_word' id='word_1_232' title='bbox 2691 1799 3051 1856; x_wconf 77' lang='lat' dir='ltr'>libentissime</span> <span class='ocrx_word' id='word_1_233' title='bbox 3101 1801 3442 1854; x_wconf 83' lang='lat' dir='ltr'>moriturum.</span> 
     </span>
    </p>
   </div>
   <div class='ocr_carea' id='block_1_7' title="bbox 173 1878 3444 1965">
    <p class='ocr_par' dir='ltr' id='par_1_7' title="bbox 173 1878 3444 1965">
     <span class='ocr_line' id='line_1_33' title="bbox 173 1878 3444 1965; baseline -0.001 -20"><span class='ocrx_word' id='word_1_234' title='bbox 173 1889 344 1945; x_wconf 77' lang='grc' dir='ltr'><strong>αὑτοῦ</strong></span> <span class='ocrx_word' id='word_1_235' title='bbox 374 1889 535 1962; x_wconf 75' lang='grc' dir='ltr'><strong>φέρει</strong></span> <span class='ocrx_word' id='word_1_236' title='bbox 563 1890 719 1963; x_wconf 78' lang='grc' dir='ltr'><strong>ἀγιον</strong></span> <span class='ocrx_word' id='word_1_237' title='bbox 748 1891 942 1963; x_wconf 75' lang='grc' dir='ltr'><strong>ὄνομα,</strong></span> <span class='ocrx_word' id='word_1_238' title='bbox 982 1892 1105 1947; x_wconf 87' lang='grc' dir='ltr'><strong>καθ’</strong></span> <span class='ocrx_word' id='word_1_239' title='bbox 1137 1892 1167 1945; x_wconf 78' lang='grc' dir='ltr'><strong>δ</strong></span> <span class='ocrx_word' id='word_1_240' title='bbox 1193 1894 1253 1946; x_wconf 81' lang='grc' dir='ltr'>ὲν</span> <span class='ocrx_word' id='word_1_241' title='bbox 1295 1892 1460 1965; x_wconf 74' lang='grc' dir='ltr'><strong>σαρκὶ</strong></span> <span class='ocrx_word' id='word_1_242' title='bbox 1485 1891 1641 1962; x_wconf 73' lang='grc' dir='ltr'><strong>ὤφθη</strong></span> <span class='ocrx_word' id='word_1_243' title='bbox 1670 1893 1765 1946; x_wconf 73' lang='grc' dir='ltr'>καὶ</span> <span class='ocrx_word' id='word_1_244' title='bbox 1794 1878 1837 1935; x_wconf 78' lang='grc' dir='ltr'><strong>Β</strong></span> <span class='ocrx_word' id='word_1_245' title='bbox 1864 1893 2112 1964; x_wconf 85' lang='lat' dir='ltr'>Namque</span> <span class='ocrx_word' id='word_1_246' title='bbox 2135 1891 2339 1948; x_wconf 77' lang='lat' dir='ltr'>Christi</span> <span class='ocrx_word' id='word_1_247' title='bbox 2363 1891 2541 1962; x_wconf 88' lang='lat' dir='ltr'>imago</span> <span class='ocrx_word' id='word_1_248' title='bbox 2566 1901 2815 1947; x_wconf 82' lang='lat' dir='ltr'>sanctum</span> <span class='ocrx_word' id='word_1_249' title='bbox 2842 1891 2958 1961; x_wconf 86' lang='lat' dir='ltr'>ejus</span> <span class='ocrx_word' id='word_1_250' title='bbox 2988 1905 3180 1945; x_wconf 88' lang='lat' dir='ltr'>nomen</span> <span class='ocrx_word' id='word_1_251' title='bbox 3208 1890 3444 1960; x_wconf 79' lang='lat' dir='ltr'>praelert,</span> 
     </span>
    </p>
   </div>
   <div class='ocr_carea' id='block_1_8' title="bbox 154 1982 1772 3244">
    <p class='ocr_par' dir='ltr' id='par_1_8' title="bbox 154 1982 1772 3244">
     <span class='ocr_line' id='line_1_34' title="bbox 172 1982 1766 2057; baseline -0.001 -19"><span class='ocrx_word' id='word_1_252' title='bbox 172 1987 290 2048; x_wconf 87' lang='grc' dir='ltr'><strong>τοῖς</strong></span> <span class='ocrx_word' id='word_1_253' title='bbox 316 1982 629 2057; x_wconf 81' lang='grc' dir='ltr'><strong>ἀνθρώποις</strong></span> <span class='ocrx_word' id='word_1_254' title='bbox 667 1985 1106 2057; x_wconf 82' lang='grc' dir='ltr'><strong>συνανεστράφη.</strong></span> <span class='ocrx_word' id='word_1_255' title='bbox 1132 1985 1355 2040; x_wconf 83' lang='grc' dir='ltr'><strong>Δίκαιον</strong></span> <span class='ocrx_word' id='word_1_256' title='bbox 1398 1984 1456 2039; x_wconf 83' lang='grc' dir='ltr'>δὲ</span> <span class='ocrx_word' id='word_1_257' title='bbox 1487 1985 1581 2038; x_wconf 72' lang='grc' dir='ltr'>καὶ</span> <span class='ocrx_word' id='word_1_258' title='bbox 1613 1982 1766 2051; x_wconf 72' lang='grc' dir='ltr'><strong>ἅγιόν</strong></span> 
     </span>
     <span class='ocr_line' id='line_1_35' title="bbox 171 2074 1762 2151; baseline -0.001 -20"><span class='ocrx_word' id='word_1_259' title='bbox 171 2080 328 2132; x_wconf 77' lang='grc' dir='ltr'><strong>ἐστιν</strong></span> <span class='ocrx_word' id='word_1_260' title='bbox 356 2076 500 2151; x_wconf 82' lang='grc' dir='ltr'><strong>ὑπὲρ</strong></span> <span class='ocrx_word' id='word_1_261' title='bbox 533 2074 630 2130; x_wconf 81' lang='grc' dir='ltr'>τοῦ</span> <span class='ocrx_word' id='word_1_262' title='bbox 673 2075 937 2147; x_wconf 80' lang='grc' dir='ltr'><strong>ὀνόματος</strong></span> <span class='ocrx_word' id='word_1_263' title='bbox 972 2076 1138 2130; x_wconf 80' lang='grc' dir='ltr'><strong>αὐτοῦ</strong></span> <span class='ocrx_word' id='word_1_264' title='bbox 1185 2076 1407 2139; x_wconf 81' lang='grc' dir='ltr'><strong>πάντως</strong></span> <span class='ocrx_word' id='word_1_265' title='bbox 1446 2075 1762 2131; x_wconf 74' lang='grc' dir='ltr'><strong>ἀποθανεῖν.</strong></span> 
     </span>
     <span class='ocr_line' id='line_1_36' title="bbox 182 2164 1764 2239; baseline -0.003 -17"><span class='ocrx_word' id='word_1_266' title='bbox 182 2167 243 2222; x_wconf 84' lang='grc' dir='ltr'>Ὅ</span> <span class='ocrx_word' id='word_1_267' title='bbox 278 2168 395 2239; x_wconf 76' lang='grc' dir='ltr'>γὰρ</span> <span class='ocrx_word' id='word_1_268' title='bbox 423 2167 525 2239; x_wconf 73' lang='grc' dir='ltr'>τὴν</span> <span class='ocrx_word' id='word_1_269' title='bbox 547 2166 733 2221; x_wconf 85' lang='grc' dir='ltr'><strong>είκόνα</strong></span> <span class='ocrx_word' id='word_1_270' title='bbox 758 2165 924 2220; x_wconf 78' lang='grc' dir='ltr'><strong>αὑτοῦ</strong></span> <span class='ocrx_word' id='word_1_271' title='bbox 968 2164 1275 2237; x_wconf 76' lang='grc' dir='ltr'><strong>ἀτιμάζων,</strong></span> <span class='ocrx_word' id='word_1_272' title='bbox 1302 2166 1384 2230; x_wconf 85' lang='grc' dir='ltr'>είς</span> <span class='ocrx_word' id='word_1_273' title='bbox 1413 2165 1508 2219; x_wconf 82' lang='grc' dir='ltr'>τὸν</span> <span class='ocrx_word' id='word_1_274' title='bbox 1541 2167 1600 2218; x_wconf 78' lang='grc' dir='ltr'>ἐν</span> <span class='ocrx_word' id='word_1_275' title='bbox 1627 2165 1764 2235; x_wconf 79' lang='grc' dir='ltr'><strong>αὐτῇ</strong></span> 
     </span>
     <span class='ocr_line' id='line_1_37' title="bbox 170 2255 1768 2335; baseline -0.004 -20"><span class='ocrx_word' id='word_1_276' title='bbox 170 2260 656 2335; x_wconf 80' lang='grc' dir='ltr'><strong>ὲγχαραττόμενον</strong></span> <span class='ocrx_word' id='word_1_277' title='bbox 701 2259 1021 2330; x_wconf 77' lang='grc' dir='ltr'><strong>ἀναπέμπει</strong></span> <span class='ocrx_word' id='word_1_278' title='bbox 1089 2259 1190 2331; x_wconf 83' lang='grc' dir='ltr'>τὴν</span> <span class='ocrx_word' id='word_1_279' title='bbox 1254 2256 1435 2330; x_wconf 78' lang='grc' dir='ltr'><strong>ὔὸριν.</strong></span> <span class='ocrx_word' id='word_1_280' title='bbox 1496 2275 1517 2310; x_wconf 70' lang='grc' dir='ltr'>ι</span> <span class='ocrx_word' id='word_1_281' title='bbox 1579 2255 1768 2309; x_wconf 86' lang='grc' dir='ltr'><strong>Ταῦτα</strong></span> 
     </span>
     <span class='ocr_line' id='line_1_38' title="bbox 169 2347 1767 2420; baseline -0.004 -13"><span class='ocrx_word' id='word_1_282' title='bbox 169 2352 449 2416; x_wconf 83' lang='grc' dir='ltr'><strong>ἀκούσας,</strong></span> <span class='ocrx_word' id='word_1_283' title='bbox 483 2353 513 2404; x_wconf 84' lang='grc' dir='ltr'><strong>ὁ</strong></span> <span class='ocrx_word' id='word_1_284' title='bbox 540 2348 859 2420; x_wconf 76' lang='grc' dir='ltr'><strong>παράνομος</strong></span> <span class='ocrx_word' id='word_1_285' title='bbox 882 2348 1160 2419; x_wconf 76' lang='grc' dir='ltr'><strong>βασιλεὺς,</strong></span> <span class='ocrx_word' id='word_1_286' title='bbox 1181 2347 1274 2402; x_wconf 72' lang='grc' dir='ltr'>καὶ</span> <span class='ocrx_word' id='word_1_287' title='bbox 1294 2347 1497 2420; x_wconf 82' lang='grc' dir='ltr'><strong>βρύξας</strong></span> <span class='ocrx_word' id='word_1_288' title='bbox 1527 2347 1605 2413; x_wconf 81' lang='grc' dir='ltr'><strong>ὡς</strong></span> <span class='ocrx_word' id='word_1_289' title='bbox 1630 2347 1767 2401; x_wconf 76' lang='grc' dir='ltr'><strong>λέων</strong></span> 
     </span>
     <span class='ocr_line' id='line_1_39' title="bbox 168 2436 1767 2514; baseline -0.004 -18"><span class='ocrx_word' id='word_1_290' title='bbox 168 2440 551 2514; x_wconf 79' lang='grc' dir='ltr'><strong>φερωνύμως,</strong></span> <span class='ocrx_word' id='word_1_291' title='bbox 585 2438 839 2511; x_wconf 72' lang='grc' dir='ltr'><strong>ξιφήρεις</strong></span> <span class='ocrx_word' id='word_1_292' title='bbox 881 2437 1168 2510; x_wconf 81' lang='grc' dir='ltr'><strong>σατράπας</strong></span> <span class='ocrx_word' id='word_1_293' title='bbox 1225 2436 1554 2500; x_wconf 79' lang='grc' dir='ltr'><strong>ἀποστείλας</strong></span> <span class='ocrx_word' id='word_1_294' title='bbox 1593 2436 1651 2489; x_wconf 76' lang='grc' dir='ltr'>ὲν</span> <span class='ocrx_word' id='word_1_295' title='bbox 1686 2436 1767 2508; x_wconf 81' lang='grc' dir='ltr'>τῷ</span> 
     </span>
     <span class='ocr_line' id='line_1_40' title="bbox 168 2527 1769 2605; baseline -0.005 -18"><span class='ocrx_word' id='word_1_296' title='bbox 168 2530 573 2605; x_wconf 71' lang='grc' dir='ltr'><strong>πατριαρχικῷ</strong></span> <span class='ocrx_word' id='word_1_297' title='bbox 618 2532 771 2601; x_wconf 77' lang='grc' dir='ltr'><strong>οἴκῳ,</strong></span> <span class='ocrx_word' id='word_1_298' title='bbox 838 2531 1083 2600; x_wconf 78' lang='grc' dir='ltr'><strong>πυγμαῖς</strong></span> <span class='ocrx_word' id='word_1_299' title='bbox 1121 2529 1216 2583; x_wconf 74' lang='grc' dir='ltr'>καὶ</span> <span class='ocrx_word' id='word_1_300' title='bbox 1260 2527 1586 2598; x_wconf 81' lang='grc' dir='ltr'><strong>ὀνειδισμοῖς</strong></span> <span class='ocrx_word' id='word_1_301' title='bbox 1635 2543 1769 2581; x_wconf 90' lang='grc' dir='ltr'><strong>κατ-</strong></span> 
     </span>
     <span class='ocr_line' id='line_1_41' title="bbox 167 2613 1769 2692; baseline -0.004 -14"><span class='ocrx_word' id='word_1_302' title='bbox 167 2626 412 2692; x_wconf 77' lang='grc' dir='ltr'><strong>ενέγκαι</strong></span> <span class='ocrx_word' id='word_1_303' title='bbox 440 2623 535 2678; x_wconf 81' lang='grc' dir='ltr'>τὸν</span> <span class='ocrx_word' id='word_1_304' title='bbox 568 2622 725 2690; x_wconf 72' lang='grc' dir='ltr'><strong>ἅγιον</strong></span> <span class='ocrx_word' id='word_1_305' title='bbox 777 2618 884 2679; x_wconf 83' lang='grc' dir='ltr'>τῶν</span> <span class='ocrx_word' id='word_1_306' title='bbox 924 2623 1106 2674; x_wconf 72' lang='grc' dir='ltr'><strong>ἐκεῖσε</strong></span> <span class='ocrx_word' id='word_1_307' title='bbox 1142 2618 1497 2691; x_wconf 76' lang='grc' dir='ltr'><strong>προσέταξεν.</strong></span> <span class='ocrx_word' id='word_1_308' title='bbox 1546 2613 1769 2682; x_wconf 61' lang='lat' dir='ltr'>obn-10&lt;</span> 
     </span>
     <span class='ocr_line' id='line_1_42' title="bbox 166 2711 1769 2786; baseline -0.004 -15"><span class='ocrx_word' id='word_1_309' title='bbox 166 2715 561 2779; x_wconf 80' lang='grc' dir='ltr'><strong>κατελθόντος,</strong></span> <span class='ocrx_word' id='word_1_310' title='bbox 584 2715 679 2770; x_wconf 77' lang='grc' dir='ltr'>καὶ</span> <span class='ocrx_word' id='word_1_311' title='bbox 721 2713 818 2768; x_wconf 84' lang='grc' dir='ltr'>τοῦ</span> <span class='ocrx_word' id='word_1_312' title='bbox 842 2714 1113 2786; x_wconf 83' lang='grc' dir='ltr'><strong>μονήρους</strong></span> <span class='ocrx_word' id='word_1_313' title='bbox 1141 2711 1258 2783; x_wconf 86' lang='grc' dir='ltr'><strong>βίου</strong></span> <span class='ocrx_word' id='word_1_314' title='bbox 1292 2711 1639 2782; x_wconf 83' lang='grc' dir='ltr'><strong>συμμετόχου</strong></span> <span class='ocrx_word' id='word_1_315' title='bbox 1670 2718 1769 2780; x_wconf 67' lang='grc' dir='ltr'>γεὲ-</span> 
     </span>
     <span class='ocr_line' id='line_1_43' title="bbox 164 2802 1770 2879; baseline -0.004 -16"><span class='ocrx_word' id='word_1_316' title='bbox 164 2808 424 2879; x_wconf 77' lang='grc' dir='ltr'><strong>γονότος,</strong></span> <span class='ocrx_word' id='word_1_317' title='bbox 452 2802 522 2879; x_wconf 78' lang='grc' dir='ltr'>ἦν</span> <span class='ocrx_word' id='word_1_318' title='bbox 554 2805 680 2861; x_wconf 71' lang='grc' dir='ltr'><strong>ἰδεῖν</strong></span> <span class='ocrx_word' id='word_1_319' title='bbox 706 2807 807 2877; x_wconf 72' lang='grc' dir='ltr'>τὴν</span> <span class='ocrx_word' id='word_1_320' title='bbox 838 2804 994 2859; x_wconf 80' lang='grc' dir='ltr'><strong>πόλιν</strong></span> <span class='ocrx_word' id='word_1_321' title='bbox 1031 2805 1253 2859; x_wconf 79' lang='grc' dir='ltr'><strong>ἅπασαν</strong></span> <span class='ocrx_word' id='word_1_322' title='bbox 1296 2802 1495 2874; x_wconf 81' lang='grc' dir='ltr'><strong>θρῆνον</strong></span> <span class='ocrx_word' id='word_1_323' title='bbox 1529 2804 1626 2857; x_wconf 75' lang='grc' dir='ltr'>καὶ</span> <span class='ocrx_word' id='word_1_324' title='bbox 1656 2821 1770 2857; x_wconf 85' lang='grc' dir='ltr'><strong>κω-</strong></span> 
     </span>
     <span class='ocr_line' id='line_1_44' title="bbox 162 2893 1772 2967; baseline -0.006 -12"><span class='ocrx_word' id='word_1_325' title='bbox 162 2899 347 2955; x_wconf 74' lang='grc' dir='ltr'><strong>κυτὸν</strong></span> <span class='ocrx_word' id='word_1_326' title='bbox 376 2897 481 2952; x_wconf 76' lang='grc' dir='ltr'>οὐκ</span> <span class='ocrx_word' id='word_1_327' title='bbox 505 2896 685 2967; x_wconf 80' lang='grc' dir='ltr'><strong>ὀλίγον</strong></span> <span class='ocrx_word' id='word_1_328' title='bbox 716 2895 1137 2967; x_wconf 68' lang='grc' dir='ltr'><strong>ἐκπέμπουσαν,</strong></span> <span class='ocrx_word' id='word_1_329' title='bbox 1174 2893 1273 2966; x_wconf 79' lang='grc' dir='ltr'>τὴν</span> <span class='ocrx_word' id='word_1_330' title='bbox 1300 2894 1395 2948; x_wconf 79' lang='grc' dir='ltr'>τοῦ</span> <span class='ocrx_word' id='word_1_331' title='bbox 1423 2893 1639 2965; x_wconf 79' lang='grc' dir='ltr'><strong>Πατρὸς</strong></span> <span class='ocrx_word' id='word_1_332' title='bbox 1674 2893 1772 2966; x_wconf 81' lang='grc' dir='ltr'>ζη-</span> 
     </span>
     <span class='ocr_line' id='line_1_45' title="bbox 162 2979 1771 3062; baseline -0.003 -18"><span class='ocrx_word' id='word_1_333' title='bbox 162 2988 486 3062; x_wconf 78' lang='grc' dir='ltr'><strong>μιωθεῖσαν</strong></span> <span class='ocrx_word' id='word_1_334' title='bbox 536 2987 840 3059; x_wconf 79' lang='grc' dir='ltr'><strong>μελισταγῆ</strong></span> <span class='ocrx_word' id='word_1_335' title='bbox 895 2980 1247 3041; x_wconf 78' lang='grc' dir='ltr'><strong>διδασκαλίαν</strong></span> <span class='ocrx_word' id='word_1_336' title='bbox 1273 3000 1290 3017; x_wconf 91' lang='grc'><em>·</em></span> <span class='ocrx_word' id='word_1_337' title='bbox 1352 2984 1429 3049; x_wconf 86' lang='grc' dir='ltr'><strong>ὡς</strong></span> <span class='ocrx_word' id='word_1_338' title='bbox 1472 2979 1615 3038; x_wconf 75' lang='grc' dir='ltr'><strong>εἶναι</strong></span> <span class='ocrx_word' id='word_1_339' title='bbox 1670 2986 1771 3053; x_wconf 79' lang='grc' dir='ltr'>τὴν</span> 
     </span>
     <span class='ocr_line' id='line_1_46' title="bbox 162 3073 1770 3150; baseline -0.001 -18"><span class='ocrx_word' id='word_1_340' title='bbox 162 3077 405 3150; x_wconf 67' lang='grc' dir='ltr'><strong>ἡμέραν</strong></span> <span class='ocrx_word' id='word_1_341' title='bbox 434 3075 667 3145; x_wconf 79' lang='grc' dir='ltr'><strong>ἐκείνην,</strong></span> <span class='ocrx_word' id='word_1_342' title='bbox 702 3077 801 3148; x_wconf 84' lang='grc' dir='ltr'>οὐχ</span> <span class='ocrx_word' id='word_1_343' title='bbox 823 3075 1060 3149; x_wconf 79' lang='grc' dir='ltr'><strong>ἡμέραν,</strong></span> <span class='ocrx_word' id='word_1_344' title='bbox 1086 3073 1226 3130; x_wconf 80' lang='grc' dir='ltr'><strong>ἀλλὰ</strong></span> <span class='ocrx_word' id='word_1_345' title='bbox 1258 3073 1473 3142; x_wconf 86' lang='grc' dir='ltr'><strong>σκότος,</strong></span> <span class='ocrx_word' id='word_1_346' title='bbox 1510 3073 1607 3129; x_wconf 78' lang='grc' dir='ltr'>καὶ</span> <span class='ocrx_word' id='word_1_347' title='bbox 1634 3074 1770 3147; x_wconf 81' lang='grc' dir='ltr'><strong>θρῆ-</strong></span> 
     </span>
     <span class='ocr_line' id='line_1_47' title="bbox 154 3161 1605 3244; baseline -0.006 -18"><span class='ocrx_word' id='word_1_348' title='bbox 154 3189 276 3226; x_wconf 84' lang='grc' dir='ltr'>νον</span> <span class='ocrx_word' id='word_1_349' title='bbox 301 3171 398 3224; x_wconf 72' lang='grc' dir='ltr'>καὶ</span> <span class='ocrx_word' id='word_1_350' title='bbox 423 3169 546 3224; x_wconf 74' lang='grc' dir='ltr'><strong>οὐαὶ</strong></span> <span class='ocrx_word' id='word_1_351' title='bbox 565 3168 659 3223; x_wconf 69' lang='grc' dir='ltr'>επὶ</span> <span class='ocrx_word' id='word_1_352' title='bbox 688 3169 831 3234; x_wconf 72' lang='grc' dir='ltr'><strong>οὐαὶ,</strong></span> <span class='ocrx_word' id='word_1_353' title='bbox 873 3166 949 3231; x_wconf 79' lang='grc' dir='ltr'><strong>ὥς</strong></span> <span class='ocrx_word' id='word_1_354' title='bbox 983 3185 1149 3244; x_wconf 75' lang='grc' dir='ltr'><strong>φησιν</strong></span> <span class='ocrx_word' id='word_1_355' title='bbox 1180 3169 1210 3221; x_wconf 83' lang='grc' dir='ltr'><strong>ὁ</strong></span> <span class='ocrx_word' id='word_1_356' title='bbox 1247 3168 1556 3238; x_wconf 73' lang='grc' dir='ltr'><strong>προφήτης.</strong></span> <span class='ocrx_word' id='word_1_357' title='bbox 1596 3161 1605 3168; x_wconf 81' lang='grc'><strong><em>’</em></strong></span> 
     </span>
    </p>
   </div>
   <div class='ocr_carea' id='block_1_9' title="bbox 265 3240 1846 3344">
    <p class='ocr_par' dir='ltr' id='par_1_9' title="bbox 265 3240 1846 3344">
     <span class='ocr_line' id='line_1_48' title="bbox 265 3240 1846 3344; baseline -0.006 -29"><span class='ocrx_word' id='word_1_358' title='bbox 265 3262 361 3315; x_wconf 79' lang='grc' dir='ltr'>Ἐν</span> <span class='ocrx_word' id='word_1_359' title='bbox 388 3260 449 3315; x_wconf 75' lang='grc' dir='ltr'>δὲ</span> <span class='ocrx_word' id='word_1_360' title='bbox 488 3262 612 3321; x_wconf 84' lang='grc' dir='ltr'><strong>ταῖς</strong></span> <span class='ocrx_word' id='word_1_361' title='bbox 635 3259 920 3330; x_wconf 85' lang='grc' dir='ltr'><strong>δυσείμοσι</strong></span> <span class='ocrx_word' id='word_1_362' title='bbox 963 3258 1186 3344; x_wconf 68' lang='grc' dir='ltr'><strong>ταύταις</strong></span> <span class='ocrx_word' id='word_1_363' title='bbox 1215 3258 1475 3330; x_wconf 79' lang='grc' dir='ltr'><strong>ἡμέραις,</strong></span> <span class='ocrx_word' id='word_1_364' title='bbox 1504 3256 1532 3309; x_wconf 88' lang='grc' dir='ltr'><strong>ὀ</strong></span> <span class='ocrx_word' id='word_1_365' title='bbox 1564 3255 1766 3329; x_wconf 78' lang='grc' dir='ltr'><strong>ἀσεὸὴς</strong></span> <span class='ocrx_word' id='word_1_366' title='bbox 1796 3240 1846 3305; x_wconf 83' lang='lat' dir='ltr'>C</span> 
     </span>
    </p>
   </div>
   <div class='ocr_carea' id='block_1_10' title="bbox 136 3348 1787 5257">
    <p class='ocr_par' dir='ltr' id='par_1_10' title="bbox 136 3348 1787 5257">
     <span class='ocr_line' id='line_1_49' title="bbox 170 3348 1771 3424; baseline -0.006 -13"><span class='ocrx_word' id='word_1_367' title='bbox 170 3353 555 3416; x_wconf 69' lang='grc' dir='ltr'><strong>’Δναστάσιος</strong></span> <span class='ocrx_word' id='word_1_368' title='bbox 575 3349 828 3415; x_wconf 74' lang='grc' dir='ltr'><strong>ἀσεόείας</strong></span> <span class='ocrx_word' id='word_1_369' title='bbox 839 3350 983 3423; x_wconf 71' lang='grc' dir='ltr'><strong>χειρὶ</strong></span> <span class='ocrx_word' id='word_1_370' title='bbox 997 3351 1098 3422; x_wconf 77' lang='grc' dir='ltr'>τὴν</span> <span class='ocrx_word' id='word_1_371' title='bbox 1115 3348 1525 3424; x_wconf 78' lang='grc' dir='ltr'><strong>ἀρχιερωσύνην</strong></span> <span class='ocrx_word' id='word_1_372' title='bbox 1539 3348 1771 3420; x_wconf 77' lang='grc' dir='ltr'><strong>ἐπιλαμ-</strong></span> 
     </span>
     <span class='ocr_line' id='line_1_50' title="bbox 153 3440 1766 3514; baseline -0.007 -11"><span class='ocrx_word' id='word_1_373' title='bbox 153 3447 413 3503; x_wconf 53' lang='lat' dir='ltr'>&amp;ivatas</span> <span class='ocrx_word' id='word_1_374' title='bbox 447 3443 874 3514; x_wconf 85' lang='grc' dir='ltr'><strong>στρατιωτικῶς,</strong></span> <span class='ocrx_word' id='word_1_375' title='bbox 901 3442 1000 3496; x_wconf 73' lang='grc' dir='ltr'>καὶ</span> <span class='ocrx_word' id='word_1_376' title='bbox 1033 3441 1093 3495; x_wconf 79' lang='grc' dir='ltr'>οὐ</span> <span class='ocrx_word' id='word_1_377' title='bbox 1124 3441 1292 3512; x_wconf 79' lang='grc' dir='ltr'>ψήφῳ</span> <span class='ocrx_word' id='word_1_378' title='bbox 1308 3440 1444 3495; x_wconf 80' lang='grc' dir='ltr'><strong>Θεοῦ</strong></span> <span class='ocrx_word' id='word_1_379' title='bbox 1465 3440 1766 3502; x_wconf 79' lang='grc' dir='ltr'><strong>εύσεὸείας·</strong></span> 
     </span>
     <span class='ocr_line' id='line_1_51' title="bbox 150 3532 1777 3608; baseline -0.008 -13"><span class='ocrx_word' id='word_1_380' title='bbox 150 3545 339 3604; x_wconf 58' lang='grc' dir='ltr'><strong>ὅστις</strong></span> <span class='ocrx_word' id='word_1_381' title='bbox 364 3537 438 3593; x_wconf 72' lang='grc' dir='ltr'>τὰ</span> <span class='ocrx_word' id='word_1_382' title='bbox 464 3538 565 3608; x_wconf 77' lang='grc' dir='ltr'>τῆς</span> <span class='ocrx_word' id='word_1_383' title='bbox 598 3533 926 3608; x_wconf 79' lang='grc' dir='ltr'><strong>Ἐκκλησίας</strong></span> <span class='ocrx_word' id='word_1_384' title='bbox 947 3533 1128 3588; x_wconf 86' lang='grc' dir='ltr'><strong>πάντα</strong></span> <span class='ocrx_word' id='word_1_385' title='bbox 1158 3536 1274 3598; x_wconf 81' lang='grc' dir='ltr'><strong>τοῖς</strong></span> <span class='ocrx_word' id='word_1_386' title='bbox 1301 3532 1596 3604; x_wconf 83' lang='grc' dir='ltr'><strong>βασιλείοις</strong></span> <span class='ocrx_word' id='word_1_387' title='bbox 1629 3548 1777 3601; x_wconf 83' lang='grc' dir='ltr'><strong>παρ-</strong></span> 
     </span>
     <span class='ocr_line' id='line_1_52' title="bbox 150 3622 1773 3695; baseline -0.009 -6"><span class='ocrx_word' id='word_1_388' title='bbox 150 3635 395 3689; x_wconf 74' lang='grc' dir='ltr'><strong>έδωκεν</strong></span> <span class='ocrx_word' id='word_1_389' title='bbox 427 3639 473 3685; x_wconf 82' lang='lat'>⁸.</span> <span class='ocrx_word' id='word_1_390' title='bbox 515 3630 605 3683; x_wconf 79' lang='grc' dir='ltr'>Ἐν</span> <span class='ocrx_word' id='word_1_391' title='bbox 635 3626 847 3691; x_wconf 82' lang='grc' dir='ltr'><strong>τούτοις</strong></span> <span class='ocrx_word' id='word_1_392' title='bbox 905 3625 998 3680; x_wconf 69' lang='grc' dir='ltr'>οὖν</span> <span class='ocrx_word' id='word_1_393' title='bbox 1033 3623 1462 3691; x_wconf 79' lang='grc' dir='ltr'><strong>ἑξουσιαστικῶς</strong></span> <span class='ocrx_word' id='word_1_394' title='bbox 1500 3622 1773 3695; x_wconf 75' lang='grc' dir='ltr'><strong>δραξάμε-</strong></span> 
     </span>
     <span class='ocr_line' id='line_1_53' title="bbox 148 3714 1774 3794; baseline -0.009 -14"><span class='ocrx_word' id='word_1_395' title='bbox 148 3743 277 3790; x_wconf 80' lang='grc' dir='ltr'>νος</span> <span class='ocrx_word' id='word_1_396' title='bbox 299 3727 330 3780; x_wconf 83' lang='grc' dir='ltr'><strong>ό</strong></span> <span class='ocrx_word' id='word_1_397' title='bbox 360 3722 624 3794; x_wconf 80' lang='grc' dir='ltr'><strong>τύραννος</strong></span> <span class='ocrx_word' id='word_1_398' title='bbox 655 3720 756 3790; x_wconf 77' lang='grc' dir='ltr'>τῆς</span> <span class='ocrx_word' id='word_1_399' title='bbox 777 3718 1063 3789; x_wconf 74' lang='grc' dir='ltr'><strong>αἱρέσεως,</strong></span> <span class='ocrx_word' id='word_1_400' title='bbox 1117 3718 1377 3787; x_wconf 79' lang='grc' dir='ltr'><strong>πειρᾶται</strong></span> <span class='ocrx_word' id='word_1_401' title='bbox 1403 3714 1651 3786; x_wconf 81' lang='grc' dir='ltr'><strong>παρευθῦ</strong></span> <span class='ocrx_word' id='word_1_402' title='bbox 1675 3714 1774 3784; x_wconf 77' lang='grc' dir='ltr'>τὴν</span> 
     </span>
     <span class='ocr_line' id='line_1_54' title="bbox 149 3801 1773 3887; baseline -0.012 -13"><span class='ocrx_word' id='word_1_403' title='bbox 149 3818 360 3887; x_wconf 63' lang='grc' dir='ltr'><strong>ἁγίαν</strong></span> <span class='ocrx_word' id='word_1_404' title='bbox 410 3814 509 3869; x_wconf 72' lang='grc' dir='ltr'>καὶ</span> <span class='ocrx_word' id='word_1_405' title='bbox 556 3812 896 3883; x_wconf 78' lang='grc' dir='ltr'><strong>Δεσποτικὴν</strong></span> <span class='ocrx_word' id='word_1_406' title='bbox 955 3810 1141 3864; x_wconf 86' lang='grc' dir='ltr'><strong>είκόνα</strong></span> <span class='ocrx_word' id='word_1_407' title='bbox 1204 3805 1442 3878; x_wconf 83' lang='grc' dir='ltr'><strong>Χριστοῦ</strong></span> <span class='ocrx_word' id='word_1_408' title='bbox 1491 3803 1587 3858; x_wconf 81' lang='grc' dir='ltr'>τοῦ</span> <span class='ocrx_word' id='word_1_409' title='bbox 1637 3801 1773 3857; x_wconf 80' lang='grc' dir='ltr'><strong>Θεοῦ</strong></span> 
     </span>
     <span class='ocr_line' id='line_1_55' title="bbox 148 3892 1772 3983; baseline -0.011 -20"><span class='ocrx_word' id='word_1_410' title='bbox 148 3909 373 3983; x_wconf 67' lang='grc' dir='ltr'><strong>ἡμῶν,</strong></span> <span class='ocrx_word' id='word_1_411' title='bbox 407 3905 505 3978; x_wconf 75' lang='grc' dir='ltr'>τὴν</span> <span class='ocrx_word' id='word_1_412' title='bbox 534 3903 828 3974; x_wconf 76' lang='grc' dir='ltr'><strong>ἱδρυμένην</strong></span> <span class='ocrx_word' id='word_1_413' title='bbox 849 3899 1086 3972; x_wconf 75' lang='grc' dir='ltr'><strong>ὕπερθεν</strong></span> <span class='ocrx_word' id='word_1_414' title='bbox 1115 3897 1224 3953; x_wconf 84' lang='grc' dir='ltr'>τῶν</span> <span class='ocrx_word' id='word_1_415' title='bbox 1248 3896 1546 3968; x_wconf 83' lang='grc' dir='ltr'><strong>βασιλικῶν</strong></span> <span class='ocrx_word' id='word_1_416' title='bbox 1568 3892 1772 3959; x_wconf 87' lang='grc' dir='ltr'><strong>πυλῶν,</strong></span> 
     </span>
     <span class='ocr_line' id='line_1_56' title="bbox 148 3985 1774 4069; baseline -0.011 -15"><span class='ocrx_word' id='word_1_417' title='bbox 148 4007 237 4056; x_wconf 79' lang='grc' dir='ltr'><strong>ἐν</strong></span> <span class='ocrx_word' id='word_1_418' title='bbox 276 3993 485 4069; x_wconf 76' lang='grc' dir='ltr'><strong>οἷσπερ</strong></span> <span class='ocrx_word' id='word_1_419' title='bbox 510 3995 601 4050; x_wconf 75' lang='grc' dir='ltr'>διὰ</span> <span class='ocrx_word' id='word_1_420' title='bbox 631 3995 721 4049; x_wconf 78' lang='grc' dir='ltr'>τὸν</span> <span class='ocrx_word' id='word_1_421' title='bbox 750 3993 1076 4066; x_wconf 79' lang='grc' dir='ltr'><strong>χαρακτῆρα</strong></span> <span class='ocrx_word' id='word_1_422' title='bbox 1103 3992 1137 4062; x_wconf 85' lang='grc' dir='ltr'>ἠ</span> <span class='ocrx_word' id='word_1_423' title='bbox 1159 3988 1293 4059; x_wconf 85' lang='grc' dir='ltr'><strong>ἀγία</strong></span> <span class='ocrx_word' id='word_1_424' title='bbox 1322 3985 1512 4054; x_wconf 83' lang='grc' dir='ltr'><strong>Χαλκῆ</strong></span> <span class='ocrx_word' id='word_1_425' title='bbox 1534 3985 1774 4054; x_wconf 79' lang='grc' dir='ltr'><strong>λέγεται,</strong></span> 
     </span>
     <span class='ocr_line' id='line_1_57' title="bbox 146 4076 1776 4158; baseline -0.01 -11"><span class='ocrx_word' id='word_1_426' title='bbox 146 4090 530 4158; x_wconf 65' lang='grc' dir='ltr'><strong>κατενέγκαι</strong></span> <span class='ocrx_word' id='word_1_427' title='bbox 557 4086 650 4142; x_wconf 72' lang='grc' dir='ltr'>καὶ</span> <span class='ocrx_word' id='word_1_428' title='bbox 686 4086 819 4158; x_wconf 79' lang='grc' dir='ltr'><strong>πυρὶ</strong></span> <span class='ocrx_word' id='word_1_429' title='bbox 864 4082 1221 4156; x_wconf 83' lang='grc' dir='ltr'><strong>παραδοῦναι,</strong></span> <span class='ocrx_word' id='word_1_430' title='bbox 1263 4081 1292 4135; x_wconf 80' lang='grc' dir='ltr'>ὃ</span> <span class='ocrx_word' id='word_1_431' title='bbox 1324 4080 1420 4135; x_wconf 79' lang='grc' dir='ltr'>καὶ</span> <span class='ocrx_word' id='word_1_432' title='bbox 1456 4076 1776 4145; x_wconf 81' lang='grc' dir='ltr'><strong>πεποίηκεν.</strong></span> 
     </span>
     <span class='ocr_line' id='line_1_58' title="bbox 170 4169 1779 4252; baseline -0.011 -14"><span class='ocrx_word' id='word_1_433' title='bbox 170 4184 293 4240; x_wconf 82' lang='grc' dir='ltr'>Ἑν</span> <span class='ocrx_word' id='word_1_434' title='bbox 326 4182 390 4235; x_wconf 70' lang='grc' dir='ltr'>δὲ</span> <span class='ocrx_word' id='word_1_435' title='bbox 433 4184 499 4252; x_wconf 77' lang='grc' dir='ltr'>τῇ</span> <span class='ocrx_word' id='word_1_436' title='bbox 546 4180 718 4251; x_wconf 78' lang='grc' dir='ltr'><strong>αὐτῆς</strong></span> <span class='ocrx_word' id='word_1_437' title='bbox 765 4175 1083 4247; x_wconf 81' lang='grc' dir='ltr'><strong>καθαιρέσει</strong></span> <span class='ocrx_word' id='word_1_438' title='bbox 1112 4175 1260 4246; x_wconf 81' lang='grc' dir='ltr'><strong>ζήλῳ</strong></span> <span class='ocrx_word' id='word_1_439' title='bbox 1307 4172 1436 4242; x_wconf 83' lang='grc' dir='ltr'><strong>θείῳ</strong></span> <span class='ocrx_word' id='word_1_440' title='bbox 1482 4169 1779 4241; x_wconf 83' lang='grc' dir='ltr'><strong>ῥωσθεῖσαι</strong></span> 
     </span>
     <span class='ocr_line' id='line_1_59' title="bbox 144 4259 1781 4346; baseline -0.011 -16"><span class='ocrx_word' id='word_1_441' title='bbox 144 4295 189 4330; x_wconf 84' lang='grc' dir='ltr'>τ</span> <span class='ocrx_word' id='word_1_442' title='bbox 204 4275 377 4346; x_wconf 75' lang='grc' dir='ltr'><strong>ίμιαι</strong></span> <span class='ocrx_word' id='word_1_443' title='bbox 400 4274 680 4341; x_wconf 77' lang='grc' dir='ltr'><strong>γυναῖκες,</strong></span> <span class='ocrx_word' id='word_1_444' title='bbox 711 4270 805 4325; x_wconf 72' lang='grc' dir='ltr'>καὶ</span> <span class='ocrx_word' id='word_1_445' title='bbox 829 4268 1129 4341; x_wconf 78' lang='grc' dir='ltr'><strong>ρωμαλέως</strong></span> <span class='ocrx_word' id='word_1_446' title='bbox 1152 4262 1555 4335; x_wconf 77' lang='grc' dir='ltr'><strong>είσπηδὴσασαι</strong></span> <span class='ocrx_word' id='word_1_447' title='bbox 1573 4259 1665 4314; x_wconf 71' lang='grc' dir='ltr'>καὶ</span> <span class='ocrx_word' id='word_1_448' title='bbox 1681 4262 1781 4330; x_wconf 76' lang='grc' dir='ltr'>τῆς</span> 
     </span>
     <span class='ocr_line' id='line_1_60' title="bbox 152 4351 1782 4437; baseline -0.01 -16"><span class='ocrx_word' id='word_1_449' title='bbox 152 4367 472 4437; x_wconf 76' lang='grc' dir='ltr'><strong>κλίμακος</strong></span> <span class='ocrx_word' id='word_1_450' title='bbox 491 4361 849 4435; x_wconf 77' lang='grc' dir='ltr'><strong>δραξάμεναι,</strong></span> <span class='ocrx_word' id='word_1_451' title='bbox 881 4360 1085 4416; x_wconf 75' lang='grc' dir='ltr'><strong>καὶτὸν</strong></span> <span class='ocrx_word' id='word_1_452' title='bbox 1117 4355 1454 4428; x_wconf 81' lang='grc' dir='ltr'><strong>καθαιρέτην</strong></span> <span class='ocrx_word' id='word_1_453' title='bbox 1476 4351 1782 4424; x_wconf 84' lang='grc' dir='ltr'><strong>σπαθάριον</strong></span> 
     </span>
     <span class='ocr_line' id='line_1_61' title="bbox 150 4438 1784 4530; baseline -0.012 -19"><span class='ocrx_word' id='word_1_454' title='bbox 150 4455 419 4530; x_wconf 60' lang='grc' dir='ltr'><strong>χαμᾶζε</strong></span> <span class='ocrx_word' id='word_1_455' title='bbox 479 4451 870 4524; x_wconf 79' lang='grc' dir='ltr'><strong>προσρίψασαι,</strong></span> <span class='ocrx_word' id='word_1_456' title='bbox 932 4450 1028 4502; x_wconf 64' lang='grc' dir='ltr'>καὶ</span> <span class='ocrx_word' id='word_1_457' title='bbox 1088 4446 1279 4500; x_wconf 75' lang='grc' dir='ltr'><strong>τοῦτον</strong></span> <span class='ocrx_word' id='word_1_458' title='bbox 1320 4442 1672 4514; x_wconf 81' lang='grc' dir='ltr'><strong>διασύρασαι,</strong></span> <span class='ocrx_word' id='word_1_459' title='bbox 1703 4438 1784 4511; x_wconf 84' lang='grc' dir='ltr'>τῷ</span> 
     </span>
     <span class='ocr_line' id='line_1_62' title="bbox 150 4535 1784 4617; baseline -0.01 -15"><span class='ocrx_word' id='word_1_460' title='bbox 150 4547 421 4617; x_wconf 66' lang='grc' dir='ltr'><strong>Θανάτῳ</strong></span> <span class='ocrx_word' id='word_1_461' title='bbox 440 4542 811 4616; x_wconf 72' lang='grc' dir='ltr'><strong>παρέπεμψαν</strong></span> <span class='ocrx_word' id='word_1_462' title='bbox 832 4559 848 4573; x_wconf 87' lang='grc'><em>·</em></span> <span class='ocrx_word' id='word_1_463' title='bbox 881 4542 975 4596; x_wconf 71' lang='grc' dir='ltr'>καὶ</span> <span class='ocrx_word' id='word_1_464' title='bbox 1000 4539 1202 4603; x_wconf 70' lang='grc' dir='ltr'><strong>εὐθέως</strong></span> <span class='ocrx_word' id='word_1_465' title='bbox 1232 4535 1636 4608; x_wconf 80' lang='grc' dir='ltr'><strong>είσδραμοῦσαι</strong></span> <span class='ocrx_word' id='word_1_466' title='bbox 1686 4551 1784 4586; x_wconf 82' lang='grc' dir='ltr'>κα-</span> 
     </span>
     <span class='ocr_line' id='line_1_63' title="bbox 144 4622 1785 4708; baseline -0.011 -13"><span class='ocrx_word' id='word_1_467' title='bbox 144 4635 641 4708; x_wconf 62' lang='grc' dir='ltr'><strong>ταλαμὸἀνουσιν</strong></span> <span class='ocrx_word' id='word_1_468' title='bbox 665 4635 753 4688; x_wconf 79' lang='grc' dir='ltr'>τὸν</span> <span class='ocrx_word' id='word_1_469' title='bbox 778 4630 1177 4705; x_wconf 78' lang='grc' dir='ltr'><strong>πατριαρχικδν</strong></span> <span class='ocrx_word' id='word_1_470' title='bbox 1205 4625 1377 4692; x_wconf 72' lang='grc' dir='ltr'><strong>οἷκον,</strong></span> <span class='ocrx_word' id='word_1_471' title='bbox 1411 4622 1785 4679; x_wconf 77' lang='grc' dir='ltr'><strong>λιθοόολοῦσαι</strong></span> 
     </span>
     <span class='ocr_line' id='line_1_64' title="bbox 144 4716 1786 4799; baseline -0.013 -10"><span class='ocrx_word' id='word_1_472' title='bbox 144 4735 291 4789; x_wconf 67' lang='grc' dir='ltr'>τὸν</span> <span class='ocrx_word' id='word_1_473' title='bbox 321 4728 562 4799; x_wconf 72' lang='grc' dir='ltr'><strong>δυσσεδῆ</strong></span> <span class='ocrx_word' id='word_1_474' title='bbox 598 4726 965 4790; x_wconf 78' lang='grc' dir='ltr'><strong>Ἀναστάσιον,</strong></span> <span class='ocrx_word' id='word_1_475' title='bbox 982 4723 1078 4778; x_wconf 74' lang='grc' dir='ltr'>καὶ</span> <span class='ocrx_word' id='word_1_476' title='bbox 1096 4723 1372 4790; x_wconf 78' lang='grc' dir='ltr'><strong>λέγουσαι,</strong></span> <span class='ocrx_word' id='word_1_477' title='bbox 1401 4736 1420 4771; x_wconf 79' lang='grc' dir='ltr'>ι</span> <span class='ocrx_word' id='word_1_478' title='bbox 1447 4716 1786 4787; x_wconf 84' lang='grc' dir='ltr'><strong>Μιαρωτάτη</strong></span> 
     </span>
     <span class='ocr_line' id='line_1_65' title="bbox 142 4807 1787 4894; baseline -0.015 -10"><span class='ocrx_word' id='word_1_479' title='bbox 142 4842 243 4884; x_wconf 73' lang='grc' dir='ltr'>κε</span> <span class='ocrx_word' id='word_1_480' title='bbox 254 4821 436 4894; x_wconf 50' lang='lat' dir='ltr'>vulfi,</span> <span class='ocrx_word' id='word_1_481' title='bbox 469 4821 562 4876; x_wconf 74' lang='grc' dir='ltr'>καὶ</span> <span class='ocrx_word' id='word_1_482' title='bbox 591 4819 689 4892; x_wconf 83' lang='grc' dir='ltr'>τῆς</span> <span class='ocrx_word' id='word_1_483' title='bbox 715 4818 971 4891; x_wconf 84' lang='grc' dir='ltr'><strong>ἀληθείας</strong></span> <span class='ocrx_word' id='word_1_484' title='bbox 990 4817 1083 4888; x_wconf 81' lang='grc' dir='ltr'><strong>ὲχθ</strong></span> <span class='ocrx_word' id='word_1_485' title='bbox 1094 4816 1176 4886; x_wconf 67' lang='lat' dir='ltr'>pk,</span> <span class='ocrx_word' id='word_1_486' title='bbox 1201 4813 1391 4867; x_wconf 87' lang='grc' dir='ltr'><strong>τούτου</strong></span> <span class='ocrx_word' id='word_1_487' title='bbox 1412 4828 1476 4881; x_wconf 89' lang='grc' dir='ltr'>γε</span> <span class='ocrx_word' id='word_1_488' title='bbox 1502 4810 1666 4863; x_wconf 69' lang='grc' dir='ltr'><strong>ἕνεκα</strong></span> <span class='ocrx_word' id='word_1_489' title='bbox 1686 4807 1787 4878; x_wconf 84' lang='grc' dir='ltr'>τῆς</span> 
     </span>
     <span class='ocr_line' id='line_1_66' title="bbox 142 4900 1787 4991; baseline -0.015 -16"><span class='ocrx_word' id='word_1_490' title='bbox 142 4913 515 4991; x_wconf 73' lang='grc' dir='ltr'><strong>ἱερωσύνης</strong></span> <span class='ocrx_word' id='word_1_491' title='bbox 555 4912 787 4984; x_wconf 55' lang='lat' dir='ltr'>sapsam,</span> <span class='ocrx_word' id='word_1_492' title='bbox 838 4910 976 4982; x_wconf 76' lang='grc' dir='ltr'><strong>πρὸς</strong></span> <span class='ocrx_word' id='word_1_493' title='bbox 1021 4905 1411 4977; x_wconf 77' lang='grc' dir='ltr'><strong>καταστροφὴν</strong></span> <span class='ocrx_word' id='word_1_494' title='bbox 1458 4902 1568 4956; x_wconf 84' lang='grc' dir='ltr'>τῶν</span> <span class='ocrx_word' id='word_1_495' title='bbox 1614 4900 1787 4968; x_wconf 81' lang='grc' dir='ltr'><strong>ἁγίων</strong></span> 
     </span>
     <span class='ocr_line' id='line_1_67' title="bbox 140 4988 1787 5078; baseline -0.016 -8"><span class='ocrx_word' id='word_1_496' title='bbox 140 5009 297 5070; x_wconf 62' lang='lat'>221</span> <span class='ocrx_word' id='word_1_497' title='bbox 331 5007 498 5078; x_wconf 67' lang='grc' dir='ltr'><strong>ἱερῶν</strong></span> <span class='ocrx_word' id='word_1_498' title='bbox 536 5004 939 5076; x_wconf 72' lang='grc' dir='ltr'><strong>ἀναθημάτωνς</strong></span> <span class='ocrx_word' id='word_1_499' title='bbox 970 5020 988 5053; x_wconf 72' lang='grc' dir='ltr'>ι</span> <span class='ocrx_word' id='word_1_500' title='bbox 1022 5002 1237 5072; x_wconf 85' lang='grc' dir='ltr'><strong>Ταύτην</strong></span> <span class='ocrx_word' id='word_1_501' title='bbox 1267 4996 1361 5052; x_wconf 73' lang='grc' dir='ltr'>οὖν</span> <span class='ocrx_word' id='word_1_502' title='bbox 1393 4997 1490 5067; x_wconf 84' lang='grc' dir='ltr'>τὴν</span> <span class='ocrx_word' id='word_1_503' title='bbox 1517 4988 1687 5066; x_wconf 75' lang='grc' dir='ltr'><strong>ἧτταν</strong></span> <span class='ocrx_word' id='word_1_504' title='bbox 1711 4991 1787 5062; x_wconf 75' lang='grc' dir='ltr'>μὴ</span> 
     </span>
     <span class='ocr_line' id='line_1_68' title="bbox 136 5084 1785 5176; baseline -0.012 -20"><span class='ocrx_word' id='word_1_505' title='bbox 136 5105 397 5176; x_wconf 75' lang='grc' dir='ltr'><strong>φέρων</strong></span> <span class='ocrx_word' id='word_1_506' title='bbox 438 5101 468 5152; x_wconf 79' lang='grc' dir='ltr'><strong>ὁ</strong></span> <span class='ocrx_word' id='word_1_507' title='bbox 522 5097 762 5170; x_wconf 83' lang='grc' dir='ltr'><strong>ἀνίερος,</strong></span> <span class='ocrx_word' id='word_1_508' title='bbox 812 5096 959 5166; x_wconf 72' lang='grc' dir='ltr'><strong>φυγῇ</strong></span> <span class='ocrx_word' id='word_1_509' title='bbox 1003 5093 1278 5165; x_wconf 72' lang='grc' dir='ltr'><strong>ἐχρήσατο</strong></span> <span class='ocrx_word' id='word_1_510' title='bbox 1322 5089 1432 5144; x_wconf 81' lang='grc' dir='ltr'>ἀπὸ</span> <span class='ocrx_word' id='word_1_511' title='bbox 1488 5084 1785 5159; x_wconf 78' lang='grc' dir='ltr'><strong>προσώπου</strong></span> 
     </span>
     <span class='ocr_line' id='line_1_69' title="bbox 136 5176 1786 5257; baseline -0.012 -10"><span class='ocrx_word' id='word_1_512' title='bbox 136 5193 313 5250; x_wconf 71' lang='grc' dir='ltr'><strong>τῶν</strong></span> <span class='ocrx_word' id='word_1_513' title='bbox 330 5186 578 5242; x_wconf 56' lang='lat' dir='ltr'>essese-a</span> <span class='ocrx_word' id='word_1_514' title='bbox 601 5187 877 5257; x_wconf 82' lang='grc' dir='ltr'><strong>γυναικῶν</strong></span> <span class='ocrx_word' id='word_1_515' title='bbox 895 5203 911 5217; x_wconf 87' lang='grc'><em>·</em></span> <span class='ocrx_word' id='word_1_516' title='bbox 939 5187 1033 5240; x_wconf 86' lang='grc' dir='ltr'>καί</span> <span class='ocrx_word' id='word_1_517' title='bbox 1061 5183 1139 5254; x_wconf 84' lang='grc' dir='ltr'>τῷ</span> <span class='ocrx_word' id='word_1_518' title='bbox 1153 5183 1403 5255; x_wconf 84' lang='grc' dir='ltr'><strong>τυράννῳ</strong></span> <span class='ocrx_word' id='word_1_519' title='bbox 1431 5176 1786 5252; x_wconf 66' lang='grc' dir='ltr'><strong>προσφυγὼν,</strong></span> 
     </span>
    </p>
   </div>
   <div class='ocr_carea' id='block_1_11' title="bbox 142 5267 1790 5347">
    <p class='ocr_par' dir='ltr' id='par_1_11' title="bbox 142 5267 1790 5347">
     <span class='ocr_line' id='line_1_70' title="bbox 142 5267 1790 5347; baseline -0.014 -5"><span class='ocrx_word' id='word_1_520' title='bbox 142 5287 479 5342; x_wconf 72' lang='grc' dir='ltr'><strong>πέπεικεν</strong></span> <span class='ocrx_word' id='word_1_521' title='bbox 527 5280 711 5346; x_wconf 73' lang='grc' dir='ltr'><strong>αὐτὸν,</strong></span> <span class='ocrx_word' id='word_1_522' title='bbox 758 5279 853 5334; x_wconf 84' lang='grc' dir='ltr'>τοῦ</span> <span class='ocrx_word' id='word_1_523' title='bbox 904 5277 994 5332; x_wconf 80' lang='grc' dir='ltr'>διὰ</span> <span class='ocrx_word' id='word_1_524' title='bbox 1040 5274 1226 5347; x_wconf 76' lang='grc' dir='ltr'><strong>ξίφους</strong></span> <span class='ocrx_word' id='word_1_525' title='bbox 1267 5271 1644 5342; x_wconf 81' lang='grc' dir='ltr'><strong>θανατωθῆναι</strong></span> <span class='ocrx_word' id='word_1_526' title='bbox 1690 5267 1790 5330; x_wconf 76' lang='grc' dir='ltr'>τὰς</span> 
     </span>
    </p>
   </div>
   <div class='ocr_carea' id='block_1_12' title="bbox 1867 1983 3534 5336">
    <p class='ocr_par' dir='ltr' id='par_1_12' title="bbox 1867 1983 3456 3241">
     <span class='ocr_line' id='line_1_71' title="bbox 1867 1983 3449 2058; baseline -0.004 -17"><span class='ocrx_word' id='word_1_527' title='bbox 1867 1985 2212 2058; x_wconf 89' lang='lat' dir='ltr'>quatenusin</span> <span class='ocrx_word' id='word_1_528' title='bbox 2244 2000 2414 2040; x_wconf 89' lang='lat' dir='ltr'>carne</span> <span class='ocrx_word' id='word_1_529' title='bbox 2446 1986 2594 2039; x_wconf 80' lang='lat' dir='ltr'>visus</span> <span class='ocrx_word' id='word_1_530' title='bbox 2611 1995 2695 2041; x_wconf 90' lang='lat' dir='ltr'>est</span> <span class='ocrx_word' id='word_1_531' title='bbox 2724 1992 2781 2039; x_wconf 89' lang='lat' dir='ltr'>et</span> <span class='ocrx_word' id='word_1_532' title='bbox 2806 1985 2947 2039; x_wconf 91' lang='lat' dir='ltr'>inter</span> <span class='ocrx_word' id='word_1_533' title='bbox 2981 1983 3229 2038; x_wconf 80' lang='lat' dir='ltr'>homines</span> <span class='ocrx_word' id='word_1_534' title='bbox 3262 1997 3449 2038; x_wconf 79' lang='lat' dir='ltr'>versa-</span> 
     </span>
     <span class='ocr_line' id='line_1_72' title="bbox 1869 2074 3448 2149; baseline -0.003 -16"><span class='ocrx_word' id='word_1_535' title='bbox 1869 2086 1955 2133; x_wconf 88' lang='lat' dir='ltr'>tus</span> <span class='ocrx_word' id='word_1_536' title='bbox 1977 2085 2082 2133; x_wconf 89' lang='lat' dir='ltr'>est.</span> <span class='ocrx_word' id='word_1_537' title='bbox 2107 2076 2242 2131; x_wconf 77' lang='lat' dir='ltr'>Mori</span> <span class='ocrx_word' id='word_1_538' title='bbox 2274 2074 2441 2149; x_wconf 58' lang='lat'>414</span> <span class='ocrx_word' id='word_1_539' title='bbox 2476 2086 2668 2132; x_wconf 88' lang='lat' dir='ltr'>antem</span> <span class='ocrx_word' id='word_1_540' title='bbox 2696 2091 2794 2146; x_wconf 85' lang='lat' dir='ltr'>pro</span> <span class='ocrx_word' id='word_1_541' title='bbox 2810 2075 2929 2146; x_wconf 90' lang='lat' dir='ltr'>ejus</span> <span class='ocrx_word' id='word_1_542' title='bbox 2950 2075 3188 2140; x_wconf 88' lang='lat' dir='ltr'>nomine,</span> <span class='ocrx_word' id='word_1_543' title='bbox 3219 2089 3448 2143; x_wconf 88' lang='lat' dir='ltr'>prorsus</span> 
     </span>
     <span class='ocr_line' id='line_1_73' title="bbox 1872 2165 3443 2237; baseline -0.004 -14"><span class='ocrx_word' id='word_1_544' title='bbox 1872 2184 1959 2225; x_wconf 85' lang='lat' dir='ltr'>res</span> <span class='ocrx_word' id='word_1_545' title='bbox 1985 2178 2069 2225; x_wconf 87' lang='lat' dir='ltr'>est</span> <span class='ocrx_word' id='word_1_546' title='bbox 2098 2168 2244 2237; x_wconf 86' lang='lat' dir='ltr'>justa</span> <span class='ocrx_word' id='word_1_547' title='bbox 2276 2177 2331 2223; x_wconf 88' lang='lat' dir='ltr'>et</span> <span class='ocrx_word' id='word_1_548' title='bbox 2366 2176 2579 2223; x_wconf 89' lang='lat' dir='ltr'>sancta.</span> <span class='ocrx_word' id='word_1_549' title='bbox 2603 2166 2707 2233; x_wconf 89' lang='lat' dir='ltr'>Qni</span> <span class='ocrx_word' id='word_1_550' title='bbox 2740 2175 2934 2222; x_wconf 88' lang='lat' dir='ltr'>contra</span> <span class='ocrx_word' id='word_1_551' title='bbox 2979 2166 3100 2236; x_wconf 79' lang='lat' dir='ltr'>ejus</span> <span class='ocrx_word' id='word_1_552' title='bbox 3147 2165 3443 2235; x_wconf 76' lang='lat' dir='ltr'>imaginem</span> 
     </span>
     <span class='ocr_line' id='line_1_74' title="bbox 1868 2254 3446 2331; baseline -0.004 -16"><span class='ocrx_word' id='word_1_553' title='bbox 1868 2259 2162 2331; x_wconf 85' lang='lat' dir='ltr'>ignominia</span> <span class='ocrx_word' id='word_1_554' title='bbox 2194 2257 2380 2324; x_wconf 82' lang='lat' dir='ltr'>allicit,</span> <span class='ocrx_word' id='word_1_555' title='bbox 2412 2258 2465 2313; x_wconf 91' lang='lat' dir='ltr'>in</span> <span class='ocrx_word' id='word_1_556' title='bbox 2508 2257 2657 2312; x_wconf 89' lang='lat' dir='ltr'>illum</span> <span class='ocrx_word' id='word_1_557' title='bbox 2685 2297 2699 2321; x_wconf 84' lang='lat'><strong>.</strong></span> <span class='ocrx_word' id='word_1_558' title='bbox 2727 2273 2885 2329; x_wconf 86' lang='lat' dir='ltr'>quem</span> <span class='ocrx_word' id='word_1_559' title='bbox 2914 2257 3154 2322; x_wconf 80' lang='lat' dir='ltr'>exbibet,</span> <span class='ocrx_word' id='word_1_560' title='bbox 3194 2254 3446 2324; x_wconf 82' lang='lat' dir='ltr'>injuriam</span> 
     </span>
     <span class='ocr_line' id='line_1_75' title="bbox 1868 2346 3444 2422; baseline -0.004 -13"><span class='ocrx_word' id='word_1_561' title='bbox 1868 2352 2065 2422; x_wconf 85' lang='lat' dir='ltr'>rejicit.</span> <span class='ocrx_word' id='word_1_562' title='bbox 2095 2370 2116 2405; x_wconf 84' lang='lat'><strong>›</strong></span> <span class='ocrx_word' id='word_1_563' title='bbox 2142 2350 2241 2406; x_wconf 85' lang='lat' dir='ltr'>His</span> <span class='ocrx_word' id='word_1_564' title='bbox 2263 2351 2483 2414; x_wconf 88' lang='lat' dir='ltr'>auditis,</span> <span class='ocrx_word' id='word_1_565' title='bbox 2512 2351 2792 2420; x_wconf 88' lang='lat' dir='ltr'>improbus</span> <span class='ocrx_word' id='word_1_566' title='bbox 2818 2349 3130 2418; x_wconf 87' lang='lat' dir='ltr'>imperator,</span> <span class='ocrx_word' id='word_1_567' title='bbox 3162 2346 3444 2403; x_wconf 88' lang='lat' dir='ltr'>moreleo·</span> 
     </span>
     <span class='ocr_line' id='line_1_76' title="bbox 1868 2440 3446 2514; baseline -0.006 -15"><span class='ocrx_word' id='word_1_568' title='bbox 1868 2445 1974 2510; x_wconf 85' lang='lat' dir='ltr'>nis,</span> <span class='ocrx_word' id='word_1_569' title='bbox 2019 2444 2174 2514; x_wconf 82' lang='lat' dir='ltr'>cujus</span> <span class='ocrx_word' id='word_1_570' title='bbox 2220 2457 2416 2499; x_wconf 89' lang='lat' dir='ltr'>nomen</span> <span class='ocrx_word' id='word_1_571' title='bbox 2462 2442 2691 2506; x_wconf 74' lang='lat' dir='ltr'>serebat,</span> <span class='ocrx_word' id='word_1_572' title='bbox 2743 2440 3034 2506; x_wconf 75' lang='lat' dir='ltr'>frendens,</span> <span class='ocrx_word' id='word_1_573' title='bbox 3080 2449 3325 2509; x_wconf 73' lang='lat' dir='ltr'>satrapas</span> <span class='ocrx_word' id='word_1_574' title='bbox 3349 2453 3446 2491; x_wconf 88' lang='lat' dir='ltr'>en-</span> 
     </span>
     <span class='ocr_line' id='line_1_77' title="bbox 1868 2529 3450 2602; baseline -0.005 -11"><span class='ocrx_word' id='word_1_575' title='bbox 1868 2535 2018 2591; x_wconf 87' lang='lat' dir='ltr'>sibus</span> <span class='ocrx_word' id='word_1_576' title='bbox 2036 2544 2278 2590; x_wconf 87' lang='lat' dir='ltr'>armatos</span> <span class='ocrx_word' id='word_1_577' title='bbox 2310 2534 2364 2589; x_wconf 92' lang='lat' dir='ltr'>in</span> <span class='ocrx_word' id='word_1_578' title='bbox 2405 2532 2827 2602; x_wconf 83' lang='lat' dir='ltr'>patriarclticam</span> <span class='ocrx_word' id='word_1_579' title='bbox 2856 2531 3074 2586; x_wconf 69' lang='lat' dir='ltr'>donnum</span> <span class='ocrx_word' id='word_1_580' title='bbox 3113 2530 3294 2594; x_wconf 88' lang='lat' dir='ltr'>misit,</span> <span class='ocrx_word' id='word_1_581' title='bbox 3328 2529 3450 2600; x_wconf 89' lang='lat' dir='ltr'>qui-</span> 
     </span>
     <span class='ocr_line' id='line_1_78' title="bbox 1870 2623 3445 2697; baseline -0.006 -14"><span class='ocrx_word' id='word_1_582' title='bbox 1870 2629 1971 2683; x_wconf 89' lang='lat' dir='ltr'>bus</span> <span class='ocrx_word' id='word_1_583' title='bbox 2001 2627 2254 2697; x_wconf 65' lang='lat' dir='ltr'>praecepit</span> <span class='ocrx_word' id='word_1_584' title='bbox 2293 2634 2356 2680; x_wconf 92' lang='grc' dir='ltr'>ιιι</span> <span class='ocrx_word' id='word_1_585' title='bbox 2400 2640 2522 2680; x_wconf 89' lang='lat' dir='ltr'>cum</span> <span class='ocrx_word' id='word_1_586' title='bbox 2558 2625 2751 2695; x_wconf 79' lang='lat' dir='ltr'>pugnis</span> <span class='ocrx_word' id='word_1_587' title='bbox 2790 2631 2847 2678; x_wconf 91' lang='lat' dir='ltr'>et</span> <span class='ocrx_word' id='word_1_588' title='bbox 2886 2623 3151 2679; x_wconf 83' lang='lat' dir='ltr'>conviciis</span> <span class='ocrx_word' id='word_1_589' title='bbox 3195 2627 3445 2676; x_wconf 85' lang='lat' dir='ltr'>sanctum</span> 
     </span>
     <span class='ocr_line' id='line_1_79' title="bbox 1868 2714 3452 2784; baseline -0.003 -13"><span class='ocrx_word' id='word_1_590' title='bbox 1868 2721 2047 2775; x_wconf 79' lang='lat' dir='ltr'>virum</span> <span class='ocrx_word' id='word_1_591' title='bbox 2101 2719 2227 2774; x_wconf 88' lang='lat' dir='ltr'>inde</span> <span class='ocrx_word' id='word_1_592' title='bbox 2275 2717 2650 2773; x_wconf 86' lang='lat' dir='ltr'>deturbarent.</span> <span class='ocrx_word' id='word_1_593' title='bbox 2697 2714 2776 2770; x_wconf 83' lang='lat' dir='ltr'>Eo</span> <span class='ocrx_word' id='word_1_594' title='bbox 2824 2725 3007 2770; x_wconf 88' lang='lat' dir='ltr'>antem</span> <span class='ocrx_word' id='word_1_595' title='bbox 3043 2715 3217 2784; x_wconf 78' lang='lat' dir='ltr'>ejecto</span> <span class='ocrx_word' id='word_1_596' title='bbox 3258 2723 3452 2767; x_wconf 86' lang='lat' dir='ltr'>etmo-</span> 
     </span>
     <span class='ocr_line' id='line_1_80' title="bbox 1871 2804 3449 2878; baseline -0.006 -12"><span class='ocrx_word' id='word_1_597' title='bbox 1871 2809 2097 2866; x_wconf 77' lang='lat' dir='ltr'>nasticae</span> <span class='ocrx_word' id='word_1_598' title='bbox 2130 2809 2255 2863; x_wconf 66' lang='lat' dir='ltr'>vitae</span> <span class='ocrx_word' id='word_1_599' title='bbox 2283 2808 2545 2878; x_wconf 82' lang='lat' dir='ltr'>participe</span> <span class='ocrx_word' id='word_1_600' title='bbox 2581 2807 2723 2863; x_wconf 79' lang='lat' dir='ltr'>sacto</span> <span class='ocrx_word' id='word_1_601' title='bbox 2745 2845 2761 2871; x_wconf 86' lang='lat'>,</span> <span class='ocrx_word' id='word_1_602' title='bbox 2787 2806 2972 2862; x_wconf 85' lang='lat' dir='ltr'>videre</span> <span class='ocrx_word' id='word_1_603' title='bbox 2994 2816 3114 2861; x_wconf 89' lang='lat' dir='ltr'>erat</span> <span class='ocrx_word' id='word_1_604' title='bbox 3141 2804 3449 2859; x_wconf 77' lang='lat' dir='ltr'>universam</span> 
     </span>
     <span class='ocr_line' id='line_1_81' title="bbox 1870 2891 3451 2964; baseline -0.006 -9"><span class='ocrx_word' id='word_1_605' title='bbox 1870 2899 2171 2964; x_wconf 83' lang='lat' dir='ltr'>civitatem,</span> <span class='ocrx_word' id='word_1_606' title='bbox 2204 2896 2458 2953; x_wconf 85' lang='lat' dir='ltr'>melliflua</span> <span class='ocrx_word' id='word_1_607' title='bbox 2485 2895 2664 2951; x_wconf 85' lang='lat' dir='ltr'>Patris</span> <span class='ocrx_word' id='word_1_608' title='bbox 2688 2896 2938 2952; x_wconf 88' lang='lat' dir='ltr'>doctrina</span> <span class='ocrx_word' id='word_1_609' title='bbox 2963 2894 3236 2955; x_wconf 83' lang='lat' dir='ltr'>orbatam,</span> <span class='ocrx_word' id='word_1_610' title='bbox 3267 2891 3451 2946; x_wconf 85' lang='lat' dir='ltr'>fletum</span> 
     </span>
     <span class='ocr_line' id='line_1_82' title="bbox 1870 2982 3450 3061; baseline -0.007 -15"><span class='ocrx_word' id='word_1_611' title='bbox 1870 3000 1923 3046; x_wconf 89' lang='lat' dir='ltr'>et</span> <span class='ocrx_word' id='word_1_612' title='bbox 1950 2989 2210 3061; x_wconf 77' lang='lat' dir='ltr'>gemitum</span> <span class='ocrx_word' id='word_1_613' title='bbox 2245 3003 2353 3042; x_wconf 89' lang='lat' dir='ltr'>non</span> <span class='ocrx_word' id='word_1_614' title='bbox 2387 3001 2611 3057; x_wconf 82' lang='lat' dir='ltr'>parvum</span> <span class='ocrx_word' id='word_1_615' title='bbox 2646 2986 2845 3050; x_wconf 84' lang='lat' dir='ltr'>edere;</span> <span class='ocrx_word' id='word_1_616' title='bbox 2871 2984 2945 3039; x_wconf 85' lang='lat' dir='ltr'>ita</span> <span class='ocrx_word' id='word_1_617' title='bbox 2968 2996 3028 3039; x_wconf 88' lang='lat' dir='ltr'>ut</span> <span class='ocrx_word' id='word_1_618' title='bbox 3051 2984 3168 3038; x_wconf 86' lang='lat' dir='ltr'>dies</span> <span class='ocrx_word' id='word_1_619' title='bbox 3197 2982 3312 3047; x_wconf 82' lang='lat' dir='ltr'>illa,</span> <span class='ocrx_word' id='word_1_620' title='bbox 3345 2996 3450 3035; x_wconf 90' lang='lat' dir='ltr'>non</span> 
     </span>
     <span class='ocr_line' id='line_1_83' title="bbox 1871 3062 3456 3150; baseline -0.006 -12"><span class='ocrx_word' id='word_1_621' title='bbox 1871 3082 2007 3150; x_wconf 86' lang='lat' dir='ltr'>dies,</span> <span class='ocrx_word' id='word_1_622' title='bbox 2031 3079 2127 3138; x_wconf 88' lang='lat' dir='ltr'>sed</span> <span class='ocrx_word' id='word_1_623' title='bbox 2158 3078 2394 3137; x_wconf 80' lang='lat' dir='ltr'>tenebrae</span> <span class='ocrx_word' id='word_1_624' title='bbox 2415 3087 2468 3134; x_wconf 90' lang='lat' dir='ltr'>et</span> <span class='ocrx_word' id='word_1_625' title='bbox 2491 3077 2647 3132; x_wconf 79' lang='lat' dir='ltr'>fletus</span> <span class='ocrx_word' id='word_1_626' title='bbox 2676 3092 2840 3149; x_wconf 88' lang='lat' dir='ltr'>super</span> <span class='ocrx_word' id='word_1_627' title='bbox 2875 3074 3081 3141; x_wconf 86' lang='lat' dir='ltr'>fletum,</span> <span class='ocrx_word' id='word_1_628' title='bbox 3109 3081 3259 3131; x_wconf 76' lang='lat' dir='ltr'>etvae</span> <span class='ocrx_word' id='word_1_629' title='bbox 3290 3062 3456 3141; x_wconf 76' lang='lat' dir='ltr'>super</span> 
     </span>
     <span class='ocr_line' id='line_1_84' title="bbox 1873 3169 2811 3241; baseline -0.002 -15"><span class='ocrx_word' id='word_1_630' title='bbox 1873 3189 1954 3229; x_wconf 63' lang='grc' dir='ltr'><strong>να».</strong></span> <span class='ocrx_word' id='word_1_631' title='bbox 1984 3180 2152 3239; x_wconf 88' lang='lat' dir='ltr'>esset,</span> <span class='ocrx_word' id='word_1_632' title='bbox 2186 3181 2247 3226; x_wconf 90' lang='lat' dir='ltr'>ut</span> <span class='ocrx_word' id='word_1_633' title='bbox 2267 3170 2506 3240; x_wconf 85' lang='lat' dir='ltr'>loquitur</span> <span class='ocrx_word' id='word_1_634' title='bbox 2527 3169 2811 3241; x_wconf 81' lang='lat' dir='ltr'>propheta.</span> 
     </span>
    </p>

    <p class='ocr_par' dir='ltr' id='par_1_13' title="bbox 1874 3257 3534 5336">
     <span class='ocr_line' id='line_1_85' title="bbox 1946 3257 3456 3330; baseline -0.007 -10"><span class='ocrx_word' id='word_1_635' title='bbox 1946 3266 2144 3321; x_wconf 89' lang='lat' dir='ltr'>lisdem</span> <span class='ocrx_word' id='word_1_636' title='bbox 2176 3263 2394 3318; x_wconf 87' lang='lat' dir='ltr'>miseris</span> <span class='ocrx_word' id='word_1_637' title='bbox 2415 3261 2604 3317; x_wconf 87' lang='lat' dir='ltr'>diebus</span> <span class='ocrx_word' id='word_1_638' title='bbox 2629 3262 2827 3330; x_wconf 83' lang='lat' dir='ltr'>impius</span> <span class='ocrx_word' id='word_1_639' title='bbox 2853 3257 3172 3314; x_wconf 78' lang='lat' dir='ltr'>Anastasius</span> <span class='ocrx_word' id='word_1_640' title='bbox 3207 3257 3456 3327; x_wconf 85' lang='lat' dir='ltr'>impieta·</span> 
     </span>
     <span class='ocr_line' id='line_1_86' title="bbox 1876 3350 3451 3424; baseline -0.006 -14"><span class='ocrx_word' id='word_1_641' title='bbox 1876 3355 1944 3410; x_wconf 90' lang='lat' dir='ltr'>tis</span> <span class='ocrx_word' id='word_1_642' title='bbox 1966 3369 2128 3409; x_wconf 86' lang='lat' dir='ltr'>manu</span> <span class='ocrx_word' id='word_1_643' title='bbox 2178 3352 2553 3424; x_wconf 78' lang='lat' dir='ltr'>pontificatum</span> <span class='ocrx_word' id='word_1_644' title='bbox 2581 3352 2891 3422; x_wconf 82' lang='lat' dir='ltr'>occupavit,</span> <span class='ocrx_word' id='word_1_645' title='bbox 2944 3352 2994 3407; x_wconf 85' lang='lat' dir='ltr'>vi</span> <span class='ocrx_word' id='word_1_646' title='bbox 3050 3350 3306 3413; x_wconf 89' lang='lat' dir='ltr'>militum,</span> <span class='ocrx_word' id='word_1_647' title='bbox 3343 3364 3451 3402; x_wconf 89' lang='lat' dir='ltr'>non</span> 
     </span>
     <span class='ocr_line' id='line_1_87' title="bbox 1874 3439 3455 3517; baseline -0.006 -14"><span class='ocrx_word' id='word_1_648' title='bbox 1874 3444 2140 3517; x_wconf 75' lang='lat' dir='ltr'>suffragio</span> <span class='ocrx_word' id='word_1_649' title='bbox 2174 3444 2371 3500; x_wconf 76' lang='lat' dir='ltr'>divinae</span> <span class='ocrx_word' id='word_1_650' title='bbox 2401 3443 2650 3515; x_wconf 89' lang='lat' dir='ltr'>pietatis;</span> <span class='ocrx_word' id='word_1_651' title='bbox 2684 3442 2774 3513; x_wconf 89' lang='lat' dir='ltr'>qui</span> <span class='ocrx_word' id='word_1_652' title='bbox 2805 3442 3023 3512; x_wconf 86' lang='lat' dir='ltr'>quidem</span> <span class='ocrx_word' id='word_1_653' title='bbox 3052 3443 3232 3496; x_wconf 87' lang='lat' dir='ltr'>omnia</span> <span class='ocrx_word' id='word_1_654' title='bbox 3260 3440 3325 3495; x_wconf 88' lang='lat' dir='ltr'>ad</span> <span class='ocrx_word' id='word_1_655' title='bbox 3357 3439 3455 3493; x_wconf 82' lang='lat' dir='ltr'>Ec-</span> 
     </span>
     <span class='ocr_line' id='line_1_88' title="bbox 1875 3532 3453 3606; baseline -0.008 -12"><span class='ocrx_word' id='word_1_656' title='bbox 1875 3538 2097 3594; x_wconf 91' lang='lat' dir='ltr'>clesiam</span> <span class='ocrx_word' id='word_1_657' title='bbox 2155 3535 2481 3606; x_wconf 79' lang='lat' dir='ltr'>pet-tinentia</span> <span class='ocrx_word' id='word_1_658' title='bbox 2528 3534 2894 3603; x_wconf 83' lang='lat' dir='ltr'>imperatoriis</span> <span class='ocrx_word' id='word_1_659' title='bbox 2942 3533 3150 3588; x_wconf 71' lang='lat' dir='ltr'>aedibus</span> <span class='ocrx_word' id='word_1_660' title='bbox 3208 3532 3453 3587; x_wconf 81' lang='lat' dir='ltr'>tradidit.</span> 
     </span>
     <span class='ocr_line' id='line_1_89' title="bbox 1876 3623 3459 3695; baseline -0.003 -15"><span class='ocrx_word' id='word_1_661' title='bbox 1876 3626 2014 3680; x_wconf 84' lang='lat' dir='ltr'>Tum</span> <span class='ocrx_word' id='word_1_662' title='bbox 2070 3634 2333 3695; x_wconf 75' lang='lat' dir='ltr'>tyrannus</span> <span class='ocrx_word' id='word_1_663' title='bbox 2371 3624 2540 3678; x_wconf 88' lang='lat' dir='ltr'>libera</span> <span class='ocrx_word' id='word_1_664' title='bbox 2598 3631 2863 3693; x_wconf 86' lang='lat' dir='ltr'>potestate</span> <span class='ocrx_word' id='word_1_665' title='bbox 2905 3623 3194 3691; x_wconf 73' lang='lat' dir='ltr'>prodendae</span> <span class='ocrx_word' id='word_1_666' title='bbox 3233 3623 3459 3676; x_wconf 77' lang='lat' dir='ltr'>haeresis</span> 
     </span>
     <span class='ocr_line' id='line_1_90' title="bbox 1877 3711 3460 3785; baseline -0.004 -13"><span class='ocrx_word' id='word_1_667' title='bbox 1877 3724 2125 3785; x_wconf 82' lang='lat' dir='ltr'>accepta,</span> <span class='ocrx_word' id='word_1_668' title='bbox 2154 3715 2300 3769; x_wconf 88' lang='lat' dir='ltr'>illico</span> <span class='ocrx_word' id='word_1_669' title='bbox 2352 3724 2600 3770; x_wconf 89' lang='lat' dir='ltr'>sanctam</span> <span class='ocrx_word' id='word_1_670' title='bbox 2644 3725 2694 3768; x_wconf 89' lang='lat' dir='ltr'>et</span> <span class='ocrx_word' id='word_1_671' title='bbox 2748 3713 3085 3767; x_wconf 85' lang='lat' dir='ltr'>Dominicam</span> <span class='ocrx_word' id='word_1_672' title='bbox 3121 3711 3322 3768; x_wconf 81' lang='lat' dir='ltr'>Christi</span> <span class='ocrx_word' id='word_1_673' title='bbox 3365 3712 3460 3766; x_wconf 88' lang='lat' dir='ltr'>Dei</span> 
     </span>
     <span class='ocr_line' id='line_1_91' title="bbox 1877 3802 3461 3875; baseline -0.004 -12"><span class='ocrx_word' id='word_1_674' title='bbox 1877 3807 2527 3875; x_wconf 77' lang='lat' dir='ltr'>nostriitnagittent,quae</span> <span class='ocrx_word' id='word_1_675' title='bbox 2576 3818 2740 3873; x_wconf 80' lang='lat' dir='ltr'>supra</span> <span class='ocrx_word' id='word_1_676' title='bbox 2798 3803 3146 3872; x_wconf 87' lang='lat' dir='ltr'>imperatoria</span> <span class='ocrx_word' id='word_1_677' title='bbox 3181 3805 3318 3856; x_wconf 87' lang='lat' dir='ltr'>atria</span> <span class='ocrx_word' id='word_1_678' title='bbox 3346 3802 3461 3857; x_wconf 87' lang='lat' dir='ltr'>col·</span> 
     </span>
     <span class='ocr_line' id='line_1_92' title="bbox 1879 3892 3461 3967; baseline -0.003 -16"><span class='ocrx_word' id='word_1_679' title='bbox 1879 3898 2074 3961; x_wconf 87' lang='lat' dir='ltr'>locata,</span> <span class='ocrx_word' id='word_1_680' title='bbox 2106 3898 2176 3951; x_wconf 92' lang='lat' dir='ltr'>ob</span> <span class='ocrx_word' id='word_1_681' title='bbox 2206 3896 2438 3967; x_wconf 79' lang='lat' dir='ltr'>effigiem</span> <span class='ocrx_word' id='word_1_682' title='bbox 2469 3903 2657 3949; x_wconf 88' lang='lat' dir='ltr'>saneta</span> <span class='ocrx_word' id='word_1_683' title='bbox 2681 3893 2855 3950; x_wconf 86' lang='lat' dir='ltr'>AEuea</span> <span class='ocrx_word' id='word_1_684' title='bbox 2884 3893 3165 3948; x_wconf 84' lang='lat' dir='ltr'>dicebatur</span> <span class='ocrx_word' id='word_1_685' title='bbox 3185 3932 3201 3958; x_wconf 88' lang='lat'>,</span> <span class='ocrx_word' id='word_1_686' title='bbox 3231 3892 3461 3960; x_wconf 76' lang='lat' dir='ltr'>dejicere</span> 
     </span>
     <span class='ocr_line' id='line_1_93' title="bbox 1876 3981 3453 4059; baseline -0.009 -14"><span class='ocrx_word' id='word_1_687' title='bbox 1876 3999 1932 4045; x_wconf 89' lang='lat' dir='ltr'>et</span> <span class='ocrx_word' id='word_1_688' title='bbox 1961 3989 2071 4059; x_wconf 85' lang='lat' dir='ltr'>igni</span> <span class='ocrx_word' id='word_1_689' title='bbox 2106 3988 2321 4044; x_wconf 86' lang='lat' dir='ltr'>tradere</span> <span class='ocrx_word' id='word_1_690' title='bbox 2343 3988 2590 4052; x_wconf 86' lang='lat' dir='ltr'>tentavit,</span> <span class='ocrx_word' id='word_1_691' title='bbox 2609 3986 2753 4055; x_wconf 86' lang='lat' dir='ltr'>qnod</span> <span class='ocrx_word' id='word_1_692' title='bbox 2791 3985 3008 4054; x_wconf 87' lang='lat' dir='ltr'>quidem</span> <span class='ocrx_word' id='word_1_693' title='bbox 3037 3986 3262 4054; x_wconf 82' lang='lat' dir='ltr'>peregit.</span> <span class='ocrx_word' id='word_1_694' title='bbox 3308 3981 3453 4035; x_wconf 60' lang='lat' dir='ltr'>luto-</span> 
     </span>
     <span class='ocr_line' id='line_1_94' title="bbox 1881 4070 3461 4143; baseline -0.008 -7"><span class='ocrx_word' id='word_1_695' title='bbox 1881 4081 1983 4136; x_wconf 88' lang='lat' dir='ltr'>rim</span> <span class='ocrx_word' id='word_1_696' title='bbox 2015 4094 2145 4135; x_wconf 72' lang='lat' dir='ltr'>vero</span> <span class='ocrx_word' id='word_1_697' title='bbox 2164 4078 2292 4134; x_wconf 88' lang='lat' dir='ltr'>dnm</span> <span class='ocrx_word' id='word_1_698' title='bbox 2325 4075 2841 4141; x_wconf 85' lang='lat' dir='ltr'>tollebatur,.divino</span> <span class='ocrx_word' id='word_1_699' title='bbox 2869 4074 2987 4128; x_wconf 88' lang='lat' dir='ltr'>zelo</span> <span class='ocrx_word' id='word_1_700' title='bbox 3013 4075 3280 4129; x_wconf 71' lang='lat' dir='ltr'>roborata·</span> <span class='ocrx_word' id='word_1_701' title='bbox 3296 4070 3461 4143; x_wconf 62' lang='lat'>[415</span> 
     </span>
     <span class='ocr_line' id='line_1_95' title="bbox 1883 4166 3464 4235; baseline -0.004 -8"><span class='ocrx_word' id='word_1_702' title='bbox 1883 4171 2226 4227; x_wconf 80' lang='lat' dir='ltr'>honorabiles</span> <span class='ocrx_word' id='word_1_703' title='bbox 2257 4170 2532 4233; x_wconf 83' lang='lat' dir='ltr'>mulieres,</span> <span class='ocrx_word' id='word_1_704' title='bbox 2563 4166 2776 4222; x_wconf 79' lang='lat' dir='ltr'>sortiter</span> <span class='ocrx_word' id='word_1_705' title='bbox 2810 4166 3103 4231; x_wconf 89' lang='lat' dir='ltr'>irruerunt,</span> <span class='ocrx_word' id='word_1_706' title='bbox 3136 4174 3464 4235; x_wconf 82' lang='lat' dir='ltr'>arreptaque</span> 
     </span>
     <span class='ocr_line' id='line_1_96' title="bbox 1883 4255 3465 4332; baseline -0.004 -14"><span class='ocrx_word' id='word_1_707' title='bbox 1883 4262 2432 4332; x_wconf 84' lang='lat' dir='ltr'>scala,spatltarium,</span> <span class='ocrx_word' id='word_1_708' title='bbox 2463 4258 2868 4329; x_wconf 75' lang='lat' dir='ltr'>quiimaginem</span> <span class='ocrx_word' id='word_1_709' title='bbox 2909 4257 3234 4320; x_wconf 76' lang='lat' dir='ltr'>amovebat,</span> <span class='ocrx_word' id='word_1_710' title='bbox 3264 4255 3318 4310; x_wconf 90' lang='lat' dir='ltr'>in</span> <span class='ocrx_word' id='word_1_711' title='bbox 3356 4267 3465 4311; x_wconf 87' lang='lat' dir='ltr'>ter-</span> 
     </span>
     <span class='ocr_line' id='line_1_97' title="bbox 1887 4346 3534 4421; baseline -0.004 -13"><span class='ocrx_word' id='word_1_712' title='bbox 1887 4367 2002 4408; x_wconf 86' lang='lat' dir='ltr'>ram</span> <span class='ocrx_word' id='word_1_713' title='bbox 2042 4352 2422 4421; x_wconf 81' lang='lat' dir='ltr'>proiecerunt,</span> <span class='ocrx_word' id='word_1_714' title='bbox 2470 4349 2902 4417; x_wconf 82' lang='lat' dir='ltr'>distractumque</span> <span class='ocrx_word' id='word_1_715' title='bbox 2955 4348 3114 4401; x_wconf 89' lang='lat' dir='ltr'>morti</span> <span class='ocrx_word' id='word_1_716' title='bbox 3176 4346 3463 4402; x_wconf 88' lang='lat' dir='ltr'>dederunt.</span> <span class='ocrx_word' id='word_1_717' title='bbox 3523 4411 3534 4418; x_wconf 29' lang='lat'><strong>⁶</strong></span> 
     </span>
     <span class='ocr_line' id='line_1_98' title="bbox 1884 4440 3469 4515; baseline -0.004 -13"><span class='ocrx_word' id='word_1_718' title='bbox 1884 4445 2015 4502; x_wconf 82' lang='lat' dir='ltr'>Post</span> <span class='ocrx_word' id='word_1_719' title='bbox 2037 4447 2154 4502; x_wconf 83' lang='lat' dir='ltr'>ltaec</span> <span class='ocrx_word' id='word_1_720' title='bbox 2187 4446 2252 4500; x_wconf 89' lang='lat' dir='ltr'>ad</span> <span class='ocrx_word' id='word_1_721' title='bbox 2298 4443 2721 4515; x_wconf 78' lang='lat' dir='ltr'>patriarclticant</span> <span class='ocrx_word' id='word_1_722' title='bbox 2774 4443 2992 4495; x_wconf 88' lang='lat' dir='ltr'>domum</span> <span class='ocrx_word' id='word_1_723' title='bbox 3044 4440 3228 4496; x_wconf 83' lang='lat' dir='ltr'>statim</span> <span class='ocrx_word' id='word_1_724' title='bbox 3274 4455 3469 4512; x_wconf 85' lang='lat' dir='ltr'>prope·</span> 
     </span>
     <span class='ocr_line' id='line_1_99' title="bbox 1891 4528 3468 4602; baseline -0.004 -12"><span class='ocrx_word' id='word_1_725' title='bbox 1891 4545 2095 4601; x_wconf 83' lang='lat' dir='ltr'>rantes,</span> <span class='ocrx_word' id='word_1_726' title='bbox 2119 4535 2348 4602; x_wconf 86' lang='lat' dir='ltr'>impium</span> <span class='ocrx_word' id='word_1_727' title='bbox 2378 4533 2726 4588; x_wconf 83' lang='lat' dir='ltr'>Anastasinm</span> <span class='ocrx_word' id='word_1_728' title='bbox 2755 4530 3023 4599; x_wconf 82' lang='lat' dir='ltr'>lapidibus</span> <span class='ocrx_word' id='word_1_729' title='bbox 3043 4538 3254 4598; x_wconf 87' lang='lat' dir='ltr'>petunt,</span> <span class='ocrx_word' id='word_1_730' title='bbox 3311 4528 3468 4583; x_wconf 88' lang='lat' dir='ltr'>aien-</span> 
     </span>
     <span class='ocr_line' id='line_1_100' title="bbox 1892 4620 3472 4696; baseline -0.006 -14"><span class='ocrx_word' id='word_1_731' title='bbox 1892 4636 1974 4684; x_wconf 88' lang='lat' dir='ltr'>tes</span> <span class='ocrx_word' id='word_1_732' title='bbox 2008 4644 2022 4681; x_wconf 71' lang='grc' dir='ltr'>ι</span> <span class='ocrx_word' id='word_1_733' title='bbox 2060 4645 2081 4679; x_wconf 80' lang='grc' dir='ltr'>ι</span> <span class='ocrx_word' id='word_1_734' title='bbox 2120 4625 2550 4696; x_wconf 84' lang='lat' dir='ltr'>lmpurissimum</span> <span class='ocrx_word' id='word_1_735' title='bbox 2576 4632 2760 4692; x_wconf 79' lang='lat' dir='ltr'>capnt,</span> <span class='ocrx_word' id='word_1_736' title='bbox 2797 4631 2852 4676; x_wconf 91' lang='lat' dir='ltr'>et</span> <span class='ocrx_word' id='word_1_737' title='bbox 2875 4620 3119 4675; x_wconf 80' lang='lat' dir='ltr'>veritatis</span> <span class='ocrx_word' id='word_1_738' title='bbox 3151 4620 3340 4682; x_wconf 73' lang='lat' dir='ltr'>ltostiS,</span> <span class='ocrx_word' id='word_1_739' title='bbox 3385 4633 3472 4674; x_wconf 88' lang='lat' dir='ltr'>er·</span> 
     </span>
     <span class='ocr_line' id='line_1_101' title="bbox 1889 4715 3468 4786; baseline -0.008 -11"><span class='ocrx_word' id='word_1_740' title='bbox 1889 4734 2030 4786; x_wconf 82' lang='lat' dir='ltr'>gone</span> <span class='ocrx_word' id='word_1_741' title='bbox 2056 4719 2258 4774; x_wconf 86' lang='lat' dir='ltr'>ideirco</span> <span class='ocrx_word' id='word_1_742' title='bbox 2291 4717 2652 4773; x_wconf 87' lang='lat' dir='ltr'>sacerdotium</span> <span class='ocrx_word' id='word_1_743' title='bbox 2683 4715 2952 4776; x_wconf 79' lang='lat' dir='ltr'>invasisti.</span> <span class='ocrx_word' id='word_1_744' title='bbox 2986 4720 3043 4764; x_wconf 90' lang='lat' dir='ltr'>nt</span> <span class='ocrx_word' id='word_1_745' title='bbox 3068 4720 3258 4765; x_wconf 86' lang='lat' dir='ltr'>sancta</span> <span class='ocrx_word' id='word_1_746' title='bbox 3290 4720 3346 4764; x_wconf 90' lang='lat' dir='ltr'>et</span> <span class='ocrx_word' id='word_1_747' title='bbox 3377 4726 3468 4764; x_wconf 86' lang='lat' dir='ltr'>sa·</span> 
     </span>
     <span class='ocr_line' id='line_1_102' title="bbox 1888 4796 3472 4864; baseline -0.009 0"><span class='ocrx_word' id='word_1_748' title='bbox 1888 4823 1981 4864; x_wconf 87' lang='lat' dir='ltr'>cra</span> <span class='ocrx_word' id='word_1_749' title='bbox 2003 4807 2347 4863; x_wconf 77' lang='lat' dir='ltr'>anathemata</span> <span class='ocrx_word' id='word_1_750' title='bbox 2391 4808 2506 4863; x_wconf 82' lang='lat' dir='ltr'>sive</span> <span class='ocrx_word' id='word_1_751' title='bbox 2535 4804 2758 4860; x_wconf 88' lang='lat' dir='ltr'>donaria</span> <span class='ocrx_word' id='word_1_752' title='bbox 2796 4797 3210 4858; x_wconf 70' lang='lat' dir='ltr'>everterentur?</span> <span class='ocrx_word' id='word_1_753' title='bbox 3245 4815 3265 4850; x_wconf 70' lang='grc' dir='ltr'>ι</span> <span class='ocrx_word' id='word_1_754' title='bbox 3315 4796 3472 4851; x_wconf 80' lang='lat' dir='ltr'>lianc</span> 
     </span>
     <span class='ocr_line' id='line_1_103' title="bbox 1890 4893 3470 4964; baseline -0.01 -9"><span class='ocrx_word' id='word_1_755' title='bbox 1890 4901 1955 4955; x_wconf 77' lang='lat' dir='ltr'>tle</span> <span class='ocrx_word' id='word_1_756' title='bbox 1976 4915 2036 4955; x_wconf 86' lang='lat' dir='ltr'>se</span> <span class='ocrx_word' id='word_1_757' title='bbox 2066 4898 2348 4953; x_wconf 86' lang='lat' dir='ltr'>victoriam</span> <span class='ocrx_word' id='word_1_758' title='bbox 2379 4914 2488 4953; x_wconf 88' lang='lat' dir='ltr'>non</span> <span class='ocrx_word' id='word_1_759' title='bbox 2541 4893 2725 4952; x_wconf 75' lang='lat' dir='ltr'>ferens</span> <span class='ocrx_word' id='word_1_760' title='bbox 2756 4893 3037 4964; x_wconf 75' lang='lat' dir='ltr'>profanus,</span> <span class='ocrx_word' id='word_1_761' title='bbox 3098 4904 3127 4943; x_wconf 84' lang='lat' dir='ltr'>a</span> <span class='ocrx_word' id='word_1_762' title='bbox 3174 4896 3470 4956; x_wconf 83' lang='lat' dir='ltr'>conspectu</span> 
     </span>
     <span class='ocr_line' id='line_1_104' title="bbox 1891 4978 3477 5060; baseline -0.009 -15"><span class='ocrx_word' id='word_1_763' title='bbox 1891 4991 2105 5060; x_wconf 82' lang='lat' dir='ltr'>piarum</span> <span class='ocrx_word' id='word_1_764' title='bbox 2138 4989 2424 5044; x_wconf 71' lang='lat' dir='ltr'>mulierum</span> <span class='ocrx_word' id='word_1_765' title='bbox 2473 4988 2702 5059; x_wconf 76' lang='lat' dir='ltr'>aufugit,</span> <span class='ocrx_word' id='word_1_766' title='bbox 2739 4986 2892 5041; x_wconf 82' lang='lat' dir='ltr'>etad</span> <span class='ocrx_word' id='word_1_767' title='bbox 2941 4992 3232 5054; x_wconf 80' lang='lat' dir='ltr'>tyrannum</span> <span class='ocrx_word' id='word_1_768' title='bbox 3281 4978 3477 5032; x_wconf 79' lang='lat' dir='ltr'>conlu-</span> 
     </span>
     <span class='ocr_line' id='line_1_105' title="bbox 1893 5070 3477 5153; baseline -0.008 -16"><span class='ocrx_word' id='word_1_769' title='bbox 1893 5081 2068 5153; x_wconf 76' lang='lat' dir='ltr'>gienS,</span> <span class='ocrx_word' id='word_1_770' title='bbox 2093 5083 2141 5138; x_wconf 87' lang='lat' dir='ltr'>ei</span> <span class='ocrx_word' id='word_1_771' title='bbox 2164 5091 2352 5137; x_wconf 83' lang='lat' dir='ltr'>auctor</span> <span class='ocrx_word' id='word_1_772' title='bbox 2389 5079 2509 5145; x_wconf 73' lang='lat' dir='ltr'>fnit,</span> <span class='ocrx_word' id='word_1_773' title='bbox 2547 5091 2606 5134; x_wconf 89' lang='lat' dir='ltr'>nt</span> <span class='ocrx_word' id='word_1_774' title='bbox 2638 5087 2859 5135; x_wconf 85' lang='lat' dir='ltr'>sanctas</span> <span class='ocrx_word' id='word_1_775' title='bbox 2893 5076 3010 5131; x_wconf 85' lang='lat' dir='ltr'>illas</span> <span class='ocrx_word' id='word_1_776' title='bbox 3040 5073 3294 5128; x_wconf 87' lang='lat' dir='ltr'>mulieres</span> <span class='ocrx_word' id='word_1_777' title='bbox 3331 5070 3477 5126; x_wconf 73' lang='grc' dir='ltr'><strong>[ει-ιο</strong></span> 
     </span>
     <span class='ocr_line' id='line_1_106' title="bbox 1896 5165 3478 5242; baseline -0.007 -15"><span class='ocrx_word' id='word_1_778' title='bbox 1896 5175 2256 5230; x_wconf 88' lang='lat' dir='ltr'>interimeret.</span> <span class='ocrx_word' id='word_1_779' title='bbox 2291 5174 2446 5242; x_wconf 85' lang='lat' dir='ltr'>Quod</span> <span class='ocrx_word' id='word_1_780' title='bbox 2495 5172 2712 5242; x_wconf 82' lang='lat' dir='ltr'>quidem</span> <span class='ocrx_word' id='word_1_781' title='bbox 2761 5170 3080 5231; x_wconf 79' lang='lat' dir='ltr'>factumest,</span> <span class='ocrx_word' id='word_1_782' title='bbox 3127 5165 3341 5233; x_wconf 75' lang='lat' dir='ltr'>illaeqne</span> <span class='ocrx_word' id='word_1_783' title='bbox 3379 5177 3478 5230; x_wconf 86' lang='lat' dir='ltr'>pro</span> 
     </span>
     <span class='ocr_line' id='line_1_107' title="bbox 1893 5256 3471 5336; baseline -0.008 -15"><span class='ocrx_word' id='word_1_784' title='bbox 1893 5266 2097 5321; x_wconf 82' lang='lat' dir='ltr'>Christi</span> <span class='ocrx_word' id='word_1_785' title='bbox 2130 5266 2362 5336; x_wconf 83' lang='lat' dir='ltr'>imagine</span> <span class='ocrx_word' id='word_1_786' title='bbox 2395 5264 2530 5318; x_wconf 86' lang='lat' dir='ltr'>inito</span> <span class='ocrx_word' id='word_1_787' title='bbox 2562 5262 2882 5326; x_wconf 85' lang='lat' dir='ltr'>certamine,</span> <span class='ocrx_word' id='word_1_788' title='bbox 2916 5260 3159 5315; x_wconf 80' lang='lat' dir='ltr'>victoriae</span> <span class='ocrx_word' id='word_1_789' title='bbox 3188 5256 3471 5326; x_wconf 67' lang='lat' dir='ltr'>praemium</span> 
     </span>
    </p>
   </div>
   <div class='ocr_carea' id='block_1_13' title="bbox 136 5346 3471 5633">
    <p class='ocr_par' dir='ltr' id='par_1_14' title="bbox 136 5346 3471 5633">
     <span class='ocr_line' id='line_1_108' title="bbox 136 5346 3471 5450; baseline -0.007 -25"><span class='ocrx_word' id='word_1_790' title='bbox 136 5379 380 5450; x_wconf 57' lang='lat' dir='ltr'>&amp;rb-‘⁶¹3</span> <span class='ocrx_word' id='word_1_791' title='bbox 400 5374 662 5441; x_wconf 82' lang='grc' dir='ltr'><strong>γυναῖκας</strong></span> <span class='ocrx_word' id='word_1_792' title='bbox 690 5372 927 5434; x_wconf 82' lang='grc' dir='ltr'><strong>ὲκείνας.</strong></span> <span class='ocrx_word' id='word_1_793' title='bbox 961 5371 1027 5423; x_wconf 84' lang='grc' dir='ltr'><strong>Ὃ</strong></span> <span class='ocrx_word' id='word_1_794' title='bbox 1050 5368 1116 5440; x_wconf 79' lang='grc' dir='ltr'>δὴ</span> <span class='ocrx_word' id='word_1_795' title='bbox 1138 5367 1234 5421; x_wconf 75' lang='grc' dir='ltr'>καὶ</span> <span class='ocrx_word' id='word_1_796' title='bbox 1255 5368 1498 5435; x_wconf 77' lang='grc' dir='ltr'><strong>γέγονεν,</strong></span> <span class='ocrx_word' id='word_1_797' title='bbox 1530 5362 1623 5416; x_wconf 75' lang='grc' dir='ltr'>καὶ</span> <span class='ocrx_word' id='word_1_798' title='bbox 1648 5359 1789 5431; x_wconf 75' lang='grc' dir='ltr'><strong>ὑπὲρ</strong></span> <span class='ocrx_word' id='word_1_799' title='bbox 1897 5359 2105 5427; x_wconf 84' lang='lat' dir='ltr'>abipso</span> <span class='ocrx_word' id='word_1_800' title='bbox 2135 5356 2354 5411; x_wconf 80' lang='lat' dir='ltr'>Christo</span> <span class='ocrx_word' id='word_1_801' title='bbox 2405 5363 2741 5423; x_wconf 79' lang='lat' dir='ltr'>receperunt,</span> <span class='ocrx_word' id='word_1_802' title='bbox 2790 5367 2912 5406; x_wconf 87' lang='lat' dir='ltr'>cnm</span> <span class='ocrx_word' id='word_1_803' title='bbox 2949 5351 3202 5407; x_wconf 84' lang='lat' dir='ltr'>omnibns</span> <span class='ocrx_word' id='word_1_804' title='bbox 3263 5346 3471 5404; x_wconf 78' lang='lat' dir='ltr'>sanctis</span> 
     </span>
     <span class='ocr_line' id='line_1_109' title="bbox 136 5445 3067 5544; baseline -0.005 -32"><span class='ocrx_word' id='word_1_805' title='bbox 136 5474 301 5544; x_wconf 58' lang='grc' dir='ltr'>τῆς</span> <span class='ocrx_word' id='word_1_806' title='bbox 340 5463 437 5520; x_wconf 67' lang='grc' dir='ltr'><strong>τοῦ</strong></span> <span class='ocrx_word' id='word_1_807' title='bbox 472 5462 711 5537; x_wconf 75' lang='grc' dir='ltr'><strong>Χριστοῦ</strong></span> <span class='ocrx_word' id='word_1_808' title='bbox 763 5463 970 5526; x_wconf 73' lang='grc' dir='ltr'><strong>εικόνος</strong></span> <span class='ocrx_word' id='word_1_809' title='bbox 1018 5458 1408 5530; x_wconf 72' lang='grc' dir='ltr'><strong>ὲναθλήσασαι,</strong></span> <span class='ocrx_word' id='word_1_810' title='bbox 1445 5456 1505 5507; x_wconf 77' lang='grc' dir='ltr'>τὸ</span> <span class='ocrx_word' id='word_1_811' title='bbox 1539 5451 1791 5524; x_wconf 43' lang='lat' dir='ltr'>§.efflato-a</span> <span class='ocrx_word' id='word_1_812' title='bbox 1899 5448 2207 5501; x_wconf 71' lang='lat' dir='ltr'>vi1tricibns</span> <span class='ocrx_word' id='word_1_813' title='bbox 2245 5448 2480 5516; x_wconf 70' lang='lat' dir='ltr'>inregno</span> <span class='ocrx_word' id='word_1_814' title='bbox 2512 5446 2770 5502; x_wconf 79' lang='lat' dir='ltr'>ctelorum</span> <span class='ocrx_word' id='word_1_815' title='bbox 2805 5445 3067 5500; x_wconf 71' lang='lat' dir='ltr'>laetanteS.</span> 
     </span>
     <span class='ocr_line' id='line_1_110' title="bbox 136 5536 3021 5633; baseline -0.005 -26"><span class='ocrx_word' id='word_1_816' title='bbox 136 5559 375 5633; x_wconf 53' lang='grc' dir='ltr'>παρὰ</span> <span class='ocrx_word' id='word_1_817' title='bbox 398 5555 633 5630; x_wconf 74' lang='grc' dir='ltr'><strong>Χριστοῦ</strong></span> <span class='ocrx_word' id='word_1_818' title='bbox 667 5556 1012 5625; x_wconf 72' lang='grc' dir='ltr'><strong>ἐκομίσαντο,</strong></span> <span class='ocrx_word' id='word_1_819' title='bbox 1044 5554 1101 5606; x_wconf 76' lang='grc' dir='ltr'>ἐν</span> <span class='ocrx_word' id='word_1_820' title='bbox 1128 5555 1192 5622; x_wconf 72' lang='grc' dir='ltr'>τῇ</span> <span class='ocrx_word' id='word_1_821' title='bbox 1218 5549 1463 5621; x_wconf 67' lang='grc' dir='ltr'><strong>βασιλεία</strong></span> <span class='ocrx_word' id='word_1_822' title='bbox 1486 5546 1594 5598; x_wconf 84' lang='grc' dir='ltr'>τῶν</span> <span class='ocrx_word' id='word_1_823' title='bbox 1660 5536 1905 5613; x_wconf 65' lang='grc' dir='ltr'><strong>οὐρανῶν</strong></span> <span class='ocrx_word' id='word_1_824' title='bbox 1970 5539 2494 5607; x_wconf 56' lang='grc' dir='ltr'><strong>συνευφραινόμεναι</strong></span> <span class='ocrx_word' id='word_1_825' title='bbox 2523 5538 2662 5607; x_wconf 73' lang='grc' dir='ltr'><strong>μετὰ</strong></span> <span class='ocrx_word' id='word_1_826' title='bbox 2703 5538 2894 5592; x_wconf 80' lang='grc' dir='ltr'><strong>πασῶν</strong></span> <span class='ocrx_word' id='word_1_827' title='bbox 3003 5537 3021 5547; x_wconf 82' lang='grc'><em>“</em></span> 
     </span>
    </p>
   </div>
   <div class='ocr_carea' id='block_1_14' title="bbox 134 5667 430 5740">
    <p class='ocr_par' dir='ltr' id='par_1_15' title="bbox 134 5667 430 5740">
     <span class='ocr_line' id='line_1_111' title="bbox 134 5667 430 5740; baseline -0.003 -32"><span class='ocrx_word' id='word_1_828' title='bbox 134 5667 430 5740; x_wconf 39' lang='lat' dir='ltr'>,rag-enam</span> 
     </span>
    </p>
   </div>
   <div class='ocr_carea' id='block_1_15' title="bbox 264 5815 786 5884">
    <p class='ocr_par' dir='ltr' id='par_1_16' title="bbox 264 5815 786 5884">
     <span class='ocr_line' id='line_1_112' title="bbox 264 5815 786 5884; baseline 0.004 -22"><span class='ocrx_word' id='word_1_829' title='bbox 264 5832 309 5862; x_wconf 70' lang='grc' dir='ltr'><strong><em>ε</em></strong></span> <span class='ocrx_word' id='word_1_830' title='bbox 363 5816 429 5870; x_wconf 81' lang='grc'><strong>..1.</strong></span> <span class='ocrx_word' id='word_1_831' title='bbox 458 5831 529 5884; x_wconf 72' lang='grc' dir='ltr'>τρ</span> <span class='ocrx_word' id='word_1_832' title='bbox 567 5815 786 5870; x_wconf 58' lang='lat' dir='ltr'>idioma.</span> 
     </span>
    </p>
   </div>
  </div>
 </body>
</html>
