3984 6200
271 327 294 394 l
305 329 400 393 277

1410 333 1695 397 ORATIO
1737 337 1820 397 IN
1851 336 1923 400 S.
1964 336 2355 399 AGATHAM.

3360 332 3503 398 1278

266 435 411 504 logia
442 449 506 491 ex
533 433 784 492 aceubitu
822 450 989 508 supet·
1017 436 1231 495 Domini
1284 439 1687 498 immaculatum
1719 457 1816 514 pe·
1845 448 1896 506 Α
1920 455 1997 510 et,
2028 455 2090 501 ut
2129 446 2309 512 decet,
2352 442 2788 500 collaetantium?
2816 441 2898 498 Me
2928 451 3110 496 autem
3147 442 3325 513 ipsam
3358 446 3501 501 inte·

265 537 376 580 etus
403 524 443 598 ⁸)
472 523 559 582 illa
598 524 959 598 lacrymarum
1014 529 1185 599 rivos,
1228 545 1337 602 quo
1382 533 1605 588 uberius
1642 534 1818 590 dima-

266 626 466 680 narent,
502 616 730 687 accepit.
765 617 954 690 Surgit
991 621 1156 691 igitur
1187 631 1308 692 post
1332 638 1556 692 precum
1590 624 1820 680 satieta-

265 718 386 774 tem,
416 706 636 777 perinde
659 722 723 764 ac
751 710 796 764 si
827 713 1310 783 accepissetdiviui
1334 714 1520 769 auxilii
1537 725 1819 785 tesseram,

265 798 418 852 corde
447 795 681 867 quidem,
701 810 960 872 certaque
985 816 1079 871 spe
1103 803 1207 858 sibi
1232 803 1512 860 victoriam
1536 820 1632 876 per
1661 805 1818 862 iidem

269 886 575 956 pollinctum
607 887 838 959 ideoque
866 891 948 946 sie
976 892 1253 960 loquitur:
1289 893 1425 950 Ecce
1462 893 1573 963 iam
1610 889 1818 951 Christi

262 977 449 1038 virtute
501 976 712 1036 bostilis
759 981 999 1053 potentia
1030 983 1085 1040 iu
1146 982 1384 1039 favillam
1416 986 1656 1051 redacta,
1686 999 1821 1041 con·

262 1067 484 1134 dulcata,
507 1077 562 1124 et
581 1070 849 1127 exstincta
887 1082 974 1129 est
1000 1090 1029 1128 a
1065 1090 1183 1133 mea
1216 1077 1472 1147 pudicitia
1495 1095 1520 1132 τ
1560 1078 1704 1146 quod
1737 1092 1824 1135 re·

262 1159 453 1230 iiquum
473 1169 578 1226 est,
608 1161 890 1224 conlidens
910 1165 1077 1224 alacri
1102 1168 1289 1227 animo
1320 1168 1387 1225 ad
1421 1168 1654 1226 stadium
1691 1186 1822 1243 pro·
1865 1202 1883 1213 ·

263 1264 488 1308 curram·

323 1362 376 1417 8.
411 1359 600 1435 ltaque
633 1380 843 1424 summa
877 1369 1075 1426 mentis
1108 1372 1410 1428 constantia
1441 1373 1508 1428 ad
1530 1381 1820 1445 tyranuum

259 1453 423 1524 pergit
447 1451 591 1516 iuter
617 1457 838 1514 lictores
868 1460 1204 1527 laetabunda,
1238 1477 1361 1518 cum
1394 1465 1460 1519 de
1498 1464 1580 1520 sui
1606 1463 1820 1534 generis

260 1543 550 1612 nobilitate,
577 1551 900 1621 magnisque
933 1560 988 1607 et
1013 1551 1203 1609 multis
1243 1569 1424 1610 rerum
1467 1554 1703 1612 fortunis
1741 1557 1820 1611 ni-

258 1633 328 1690 inl
349 1634 503 1704 piune
517 1639 881 1710 meminisset,
919 1657 985 1698 ac
1011 1658 1080 1700 ne
1105 1643 1275 1700 verbo
1303 1646 1546 1716 quidem,
1578 1646 1721 1716 qued
1750 1646 1820 1702 ad

259 1735 481 1780 ressuas
502 1728 826 1797 pertineret,
873 1732 1106 1802 prolato,
1148 1735 1243 1790 sed
1282 1735 1514 1805 simplici
1543 1735 1820 1807 expedito-

258 1827 354 1881 ιντο
391 1829 579 1887 gressu
628 1823 996 1889 praecurrebat
1018 1837 1149 1888 eos,
1178 1825 1272 1895 qui
1324 1839 1444 1880 eam
1494 1827 1766 1883 ducebant
1799 1845 1818 1884 2

257 1902 325 1957 ita
361 1915 414 1958 ut
468 1905 571 1964 bos
616 1909 836 1978 quidem
886 1913 1026 1968 trabi
1066 1915 1244 1983 potius
1276 1915 1345 1970 ab
1375 1895 1622 1982 Agnitio,
1654 1930 1818 1986 qnam

255 1993 510 2062 agninam
560 1996 632 2054 ab
672 2000 806 2074 ipsis
838 2003 982 2059 trabi
1024 2003 1273 2062 viderent
1321 2015 1682 2076 spectatores,
1722 1999 1831 2080 qui*

254 2084 336 2140 vel
372 2087 488 2154 ipsa
517 2089 808 2147 oculorum
855 2093 976 2149 acie
1019 2093 1164 2150 illius
1198 2097 1533 2154 celeritatem
1565 2099 1821 2168 prosequi

256 2178 555 2246 nequirent.
589 2181 770 2253 Atque
810 2184 885 2250 bi,
911 2186 1001 2256 qui
1038 2186 1322 2256 virginalis
1355 2187 1522 2244 animi
1556 2191 1820 2259 prompti·

255 2269 436 2324 tudine
461 2272 670 2334 erudiri
689 2315 705 2341 ,
733 2283 790 2329 et
821 2273 890 2332 ad
922 2278 1242 2347 prudentem
1278 2277 1562 2334 audaciam
1602 2279 1821 2336 incitari

257 2353 562 2418 debuissent
579 2360 647 2415 ad
679 2371 909 2418 mortem
942 2378 1040 2434 pro
1086 2363 1290 2422 virtute
1335 2364 1716 2436 oppetendam,
1750 2375 1828 2422 ta·

257 2459 378 2502 men
411 2462 444 2502 e
465 2452 769 2518 contrario,
798 2465 898 2523 per
940 2453 1182 2510 innatam
1216 2455 1681 2522 inconstantiam,
1704 2472 1829 2513 cer·-

257 2547 442 2592 vorum
475 2537 654 2595 instar
676 2541 861 2597 cordis
899 2543 1314 2614 trepidationem
1339 2547 1558 2617 penitus
1598 2547 1827 2619 impres-

257 2640 366 2683 sam
401 2628 688 2698 foventes,
734 2631 903 2689 veloci
956 2634 1265 2691 reversione
1305 2623 1824 2707 beatam‘virginem

257 2716 435 2775 miseri
470 2719 932 2791 requuerunt.·At
957 2723 1048 2780 illa
1077 2724 1206 2781 dunt
1237 2727 1531 2793 incederet,
1556 2729 1826 2801 lacrymas

243 2809 488 2892 ‘ubertim
515 2812 878 2884 profundens,
909 2817 983 2884 ite
1011 2829 1194 2873 secum
1239 2819 1307 2873 ad
1347 2833 1540 2890 preces
1561 2835 1825 2876 conversa

256 2895 595 2968 loquebatur,
635 2917 865 2976 seseque
892 2906 961 2961 ad
1008 2906 1269 2977 majorem
1321 2910 1683 2964 constantiam
1738 2911 1824 2966 in-

256 2987 568 3051 flammabat
597 3013 613 3051 ε
644 2994 883 3053 Primum
908 2999 1123 3069 quidem
1153 3014 1252 3069 pro
1290 3000 1540 3070 virginali
1567 3001 1825 3071 pudicitia

253 3092 472 3153 propter
492 3085 776 3144 Christum
805 3104 1066 3161 sponsum
1116 3106 1292 3147 meum
1342 3091 1641 3157 decertari,
1684 3093 1823 3149 deli·

255 3171 365 3226 cias
387 3180 590 3233 utrem
609 3175 1021 3233 abominandam
1052 3177 1359 3239 abominata
1379 3219 1397 3244 ,
1427 3188 1487 3234 ut
1515 3194 1583 3236 ne
1609 3182 1677 3235 de
1722 3180 1824 3236 im-

253 3263 470 3332 proviso
507 3282 606 3337 per
655 3267 940 3325 illecebras
981 3285 1346 3341 expugnarer.
1413 3271 1605 3342 Agesis
1657 3275 1822 3330 etiam

255 3371 420 3422 nunc,
441 3359 638 3415 adesto
664 3359 928 3416 alacritati
973 3361 1140 3417 animi
1182 3363 1309 3430 mei,
1335 3378 1369 3418 o
1395 3363 1710 3421 dulcissime
1749 3368 1823 3421 mi

254 3448 554 3519 canditate,
577 3452 670 3522 qui
707 3452 854 3509 solus
898 3452 1069 3510 efficis
1094 3464 1316 3525 etpotes
1344 3456 1527 3511 omnia
1558 3474 1574 3511 z
1601 3460 1826 3514 ostende

257 3552 430 3595 meam
467 3542 613 3598 itane
638 3544 895 3599 humilem
936 3555 1168 3599 mentem
1197 3545 1412 3600 cunctis
1463 3546 1622 3601 rebus
1666 3548 1826 3602 terri·

253 3627 455 3688 bilibus
481 3634 857 3691 sublimiorem
881 3652 895 3701 ς
917 3634 990 3689 ita
1023 3643 1081 3689 ut
1106 3636 1268 3690 etiam
1289 3637 1472 3689 animo
1501 3651 1594 3691 eas
1622 3651 1721 3704 pro
1744 3637 1826 3691 ni-

257 3720 370 3775 hilo
400 3724 598 3779 «lucam
620 3764 636 3788 ,
668 3739 842 3796 neque
874 3722 1165 3794 quidquam
1198 3719 1506 3779 existimem
1551 3725 1724 3780 instat·
1751 3726 1827 3781 le-

256 3810 338 3865 vis
373 3813 671 3868 cautileuae
734 3828 801 3869 ac
854 3813 1149 3883 strepitus,
1192 3811 1407 3868 etiamsi
1451 3814 1629 3871 decies
1676 3815 1826 3871 mille

257 3900 385 3967 sint,
418 3904 512 3971 qui
537 3919 722 3959 necem
748 3904 878 3959 mibi
909 3892 1192 3962 intentent.

327 3992 381 4047 9.
434 3992 551 4051 Sub
576 3993 692 4048 baec
723 3995 877 4065 quasi
907 4010 1034 4051 vero
1084 3994 1255 4052 oculis
1301 3996 1594 4066 inspiceret
1621 3995 1828 4066 (nieme

258 4082 406 4145 euim
442 4094 596 4138 certe
630 4083 977 4156 intuebatur)
1022 4086 1234 4140 bostem
1275 4101 1454 4151 auum,
1489 4082 1668 4145 eidem
1699 4092 1826 4139 tan-

257 4184 424 4242 quam
454 4175 713 4241 praesenti
759 4178 1107 4246 exprobravit
1138 4195 1152 4232 ε
1183 4175 1302 4233 Non
1343 4179 1516 4244 vides,
1550 4177 1825 4247 iuquiens,

1915 537 2025 592 rim
2052 550 2160 590 non
2185 536 2599 600 animadvertis,
2652 550 2687 590 o
2731 542 3043 600 veterator,
3091 537 3193 589 sub
3237 537 3500 593 amatoris

1922 628 2028 683 mei
2051 628 2243 683 umbra
2265 626 2648 692 dormientem,
2678 635 2734 681 et
2765 625 2870 681 sub
2905 621 3222 679 certaminis
3247 627 3499 696 praemio·

1921 731 2152 787 rumque
2186 716 2633 776 arbitroCbristo
2658 716 2890 773 viriliter
2915 717 3316 782 decertantem,
3350 718 3499 772 ideo-

1919 797 2026 876 que
2048 823 2170 878 qnae
2194 807 2452 879 Magister
2489 823 2643 864 meus
2667 808 2852 863 docuit
2893 815 3260 873 exercentem,
3301 811 3356 861 et
3398 821 3498 876 pro

1919 895 2125 951 viribus
2154 897 2496 967 expleturam
2545 898 2723 966 reipsa
2768 906 3103 968 sperantem.
3146 895 3497 951 Ptovidebum

1919 987 2067 1044 enim
2109 988 2394 1045 Dominum
2444 1006 2616 1045 meunt
2667 991 2724 1045 in
2775 998 3058 1059 conspeetu
3117 1004 3231 1044 meo
3268 1005 3493 1059 semper,

1918 1080 2169 1149 quoniam
2196 1096 2231 1134 u
2253 1080 2452 1136 dextris
2474 1081 2604 1136 mihi
2621 1090 2696 1135 est
2724 1097 2790 1135 ne
2809 1096 3139 1136 commovear
3170 1081 3212 1134 ¹.

1993 1185 2081 1244 lo.
2116 1185 2269 1244 Talia
2310 1188 2545 1252 dicentis
2569 1187 2801 1259 contigit
2833 1196 2891 1242 ut
2925 1188 2980 1243 ln
3018 1188 3134 1256 ipsa
3182 1200 3376 1243 cursus
3399 1200 3494 1242 ce-

1919 1273 2135 1332 leritate
2169 1276 2525 1334 calceamenti
2565 1277 2804 1347 corrigia
2842 1276 3169 1333 solveretur.
3224 1273 3498 1330 Sedulita-

1921 1374 2027 1420 tem
2069 1373 2250 1419 autem
2285 1364 2449 1420 etiam
2485 1380 2607 1421 cum
2654 1365 2802 1421 illam
2832 1364 3094 1435 colligare
3133 1364 3317 1431 vellet,
3375 1377 3495 1419 ma·

1920 1456 2066 1512 xime
2086 1455 2326 1511 ostendit
2353 1456 2732 1522 masculinam,
2760 1464 2816 1511 et
2850 1469 3137 1521 conversa,
3156 1465 3212 1510 et
3233 1453 3498 1510 comitan-

1922 1547 2057 1601 tium
2091 1545 2316 1602 omnino
2337 1545 2613 1602 neminem
2650 1546 2867 1612 intuita,
2903 1559 3094 1616 preces
3114 1545 3330 1617 quidem
3357 1543 3497 1600 rudit

1918 1637 2208 1708 opitulanti
2238 1638 2349 1695 Deo
2381 1655 2398 1692 ε
2429 1637 2658 1693 Domine
2689 1638 3055 1708 omnipotens,
3087 1637 3309 1708 quinon
3338 1636 3496 1691 dese-

1922 1731 1999 1785 ris
2022 1738 2077 1783 te
2102 1739 2370 1794 amantes,
2399 1738 2456 1785 et
2486 1730 2540 1784 in
2576 1739 2628 1785 te
2661 1743 2785 1799 spes
2820 1743 2947 1785 suas
2975 1728 3330 1792 collocantes,
3372 1735 3494 1783 esto

1920 1819 2137 1889 adjutor
2158 1834 2313 1877 meus
2349 1819 2403 1875 in
2426 1820 2599 1876 altero
2622 1819 2948 1886 certamine,
2982 1820 3125 1890 quod
3155 1818 3284 1873 mibi
3307 1816 3496 1888 parari

1913 1913 2025 1984 jam
2064 1912 2237 1977 video,
2268 1922 2323 1967 et
2352 1913 2420 1968 ad
2443 1913 2588 1983 quod
2621 1897 2903 1984 accingor,
2960 1911 3137 1983 gratia
3178 1918 3267 1965 tua
3309 1910 3497 1978 opitu-

1920 2003 2070 2059 lante
2095 2021 2110 2059 ε
2135 2005 2287 2059 bisce
2327 2011 2530 2070 autem,
2583 2005 2675 2075 qui
2719 2018 2805 2059 me
2841 2003 3103 2071 tantisper
3139 2008 3496 2071 exceperunt,

1919 2096 2047 2152 dum
2084 2097 2172 2150 bic
2196 2096 2347 2152 licuit
2367 2096 2550 2167 quiete
2587 2110 2772 2167 agere,
2806 2108 3001 2165 meque
3027 2094 3309 2149 continere
3340 2092 3498 2159 longe

1921 2200 1954 2241 a
1983 2185 2154 2256 patria
2188 2185 2263 2257 (6)
2289 2200 2351 2240 ac
2383 2194 2602 2257 paterna
2634 2185 2794 2242 domo
2827 2194 2885 2240 ut
2930 2201 2998 2241 ne
3027 2185 3248 2239 auribus
3280 2183 3497 2253 quidem

1921 2274 2230 2346 acciperem
2254 2276 2512 2347 nuptialia
2534 2275 2814 2343 Quintiani
2843 2276 3051 2340 numia,
3073 2274 3393 2344 condignam
3417 2272 3499 2325 vi-

1922 2379 2040 2421 cem
2080 2367 2298 2432 reddas,
2333 2374 2389 2422 et
2408 2364 2559 2424 effice
2602 2377 2661 2423 ut
2686 2381 2965 2422 sermones
2998 2365 3128 2430 mei,
3157 2378 3294 2433 quos
3321 2362 3499 2432 priva·

1923 2453 2020 2509 tim
2051 2453 2117 2510 de
2163 2463 2217 2509 te
2268 2455 2462 2520 habui,
2505 2470 2638 2512 vero
2669 2455 2803 2523 Deo,
2848 2457 3022 2524 deque
3056 2452 3332 2523 unigenito
3358 2451 3499 2506 Filio

1919 2551 2044 2610 tuo,
2065 2552 2119 2600 et
2146 2544 2214 2600 de
2231 2547 2509 2613 castitate,
2541 2555 2597 2602 et
2642 2547 2709 2603 de
2735 2545 2966 2616 iudicio,
3006 2547 3058 2601 iu
3089 2559 3278 2600 eorum
3314 2542 3496 2599 cordi·

1924 2636 2028 2692 bus
2057 2646 2422 2707 perseverent.
2486 2636 2592 2695 Sed
2633 2639 2895 2709 quoniam
2954 2652 3149 2694 vereor
3194 2652 3263 2691 ne
3306 2648 3496 2690 eorum

1929 2729 2188 2784 memoria
2233 2728 2472 2798 diffluat(
2505 2745 2649 2788 ecce·
2680 2731 2826 2786 enim
2880 2743 2965 2784 me
2997 2729 3211 2790 occulte
3258 2725 3497 2794 relique-

1927 2828 2056 2874 runt
2085 2819 2321 2890 omnes),
2348 2821 2597 2888 ostende,
2625 2831 2830 2891 quoesu,
2867 2821 2952 2875 bis
2979 2820 3130 2874 urbis
3154 2816 3345 2871 incolis
3382 2828 3500 2867 tna-

1924 2923 2091 2978 gnmn
2131 2908 2357 2980 aliquod
2381 2908 2722 2965 miraculum.
2755 2909 2958 2964 Etcum
2990 2909 3105 2963 baee
3125 2907 3278 2976 virgo
3308 2904 3501 2958 ruisset

1926 3010 2169 3068 precata,
2206 3000 2354 3056 illico
2388 3000 2591 3056 sterilis
2620 3001 2740 3057 olea
2780 3009 2973 3055 exorta
3002 3006 3111 3061 est,
3137 3012 3260 3066 quae
3283 2993 3497 3066 publica

1849 3120 1894 3179 c
1927 3088 2221 3162 ignominia
2266 3091 2490 3149 notabat
2539 3106 2672 3158 eos,
2716 3091 2812 3162 qui
2846 3106 2942 3162 per
2987 3088 3225 3159 speciem
3275 3084 3501 3143 bonoria

1925 3198 2046 3241 eam
2068 3181 2439 3247 deduxerant,
2469 3181 2764 3251 timideque
2794 3180 3139 3247 aufugerant.

1998 3271 2085 3327 il.
2116 3270 2347 3326 Strenua
2377 3280 2556 3325 nutem
2609 3273 2762 3341 virgo
2801 3286 2867 3325 ex
2910 3284 2977 3325 eo
3023 3267 3284 3323 miraculo
3328 3265 3501 3335 magis

1917 3362 2164 3417 animata
2199 3359 2422 3431 (quippe
2464 3359 2578 3431 jum
2627 3371 2877 3416 senserat
2924 3359 3196 3416 exauditis
3249 3356 3501 3426 pret-ibus

1926 3453 2169 3509 divinum
2199 3452 2303 3507 sibi
2352 3454 2545 3511 adesse
2587 3450 2794 3507 Ntttuen
2817 3492 2834 3517 ,
2862 3452 3090 3521 ejusque
3129 3449 3350 3519 attgelos
3405 3446 3500 3518 qni

1926 3558 1986 3599 se
2018 3553 2301 3599 tuerentur
2343 3545 2412 3598 ab
2443 3545 2693 3599 lictorum
2742 3544 2978 3611 injuriis)
3015 3544 3179 3597 corde
3227 3540 3502 3607 intrepido

1927 3651 1988 3691 se
2036 3637 2089 3689 in
2123 3636 2260 3688 viam
2308 3635 2473 3688 dedit.
2506 3633 2607 3689 Ubi
2647 3649 2775 3687 vero
2806 3634 3068 3689 catanam
3104 3632 3505 3701 appropinqua·

1929 3727 2040 3787 bat,
2066 3736 2296 3794 magnus
2331 3724 2530 3779 civium
2587 3738 2808 3778 suorum
2847 3738 3109 3778 uumerus
3168 3722 3241 3776 illi
3284 3722 3500 3775 obviam

1913 3816 2160 3884 -prodiit3
2190 3826 2244 3869 et
2274 3814 2528 3869 mulieres
2558 3815 2776 3884 quidem
2810 3813 3020 3883 aliquot
3057 3813 3175 3882 ojus
3207 3812 3376 3865 vicem
3405 3809 3502 3863 do·

1928 3905 2133 3971 lebant,
2174 3905 2384 3974 aliquot
2414 3905 2578 3963 etiam
2605 3943 2621 3968 ,
2665 3904 2867 3973 quibus
2910 3903 3278 3971 Christianum
3312 3912 3502 3971 pectut

1930 3996 2105 4066 magis
2141 3996 2418 4064 sapiebat,
2464 3996 2606 4051 iuter
2638 4002 2699 4050 so
2747 3994 2927 4049 tacitis
2958 3993 3211 4048 laudidus
3243 4003 3503 4049 constan·

1933 4078 2060 4142 tiam
2099 4087 2323 4157 virginis
2348 4085 2695 4151 extollebant,
2726 4087 2869 4156 quod
2899 4085 3093 4153 impias
3116 4082 3504 4153 (7)procottsu-

1932 4175 1999 4231 lis
2040 4176 2251 4232 oblatas
2291 4178 2505 4247 nuptias
2528 4192 2612 4247 vue
2655 4179 2839 4232 auditu
2901 4177 3118 4247 quidem
3167 4177 3383 4248 dignata
3414 4182 3505 4230 es·

260 4277 448 4320 ntettm
506 4267 767 4332 studium,
805 4281 838 4322 ο
886 4268 1133 4324 veritatis
1160 4269 1352 4335 bostis,
1386 4268 1588 4339 quique
1641 4270 1711 4324 ab
1764 4281 1828 4324 ea
1930 4278 2048 4335 set;
2086 4270 2315 4339 ideoque
2354 4270 2531 4325 solutu
2560 4270 2778 4325 'vertere
2824 4270 3102 4337 sapienter
3151 4268 3502 4323 decrevisset.

263 4354 480 4411 alienus
519 4372 601 4422 es.
626 4359 852 4430 adquod
878 4361 1354 4431 contemplandum
1386 4360 1635 4414 universa
1668 4374 1833 4430 ange-
1932 4360 2193 4416 Ma'tronae
2246 4377 2378 4418 vero
2411 4362 2685 4431 primariae
2721 4361 2995 4423 civitatis.
3033 4360 3230 4428 quibus
3286 4366 3508 4430 propter

261 4444 448 4503 lorum
471 4462 535 4504 ac
557 4449 827 4519 justorum
849 4451 1088 4508 occurrit
1110 4450 1397 4509 multitudo
1419 4450 1904 4519 exsultantiuut,·D
1935 4452 2255 4521 nobilitatis,
2286 4467 2448 4525 upum
2503 4469 2568 4509 uc
2599 4452 2912 4511 divitiarum
2949 4451 3149 4507 fututam
3170 4489 3184 4512 ,
3221 4449 3369 4504 locus
3409 4449 3506 4502 da-

337 4627 360 4660 ‘
380 4623 547 4683 Joau.
579 4622 815 4693 xttt,23.
888 4623 910 4658 ‘¹
947 4622 1092 4680 Psal.
1113 4637 1204 4691 xv,
1234 4622 1288 4678 8.

343 4800 426 4875 (6)
453 4796 719 4855 Videntur
747 4796 1118 4854 Panormitani
1142 4812 1409 4862 asserere,
1445 4798 1708 4870 migrasse
1726 4801 1836 4865 pri·
1927 4811 2114 4922 Kieros
2142 4801 2388 4872 exempla
2414 4802 2901 4871 importunissimae
2932 4798 3178 4854 libidinis
3210 4807 3502 4867 praetorum

269 4886 428 4926 mum
466 4869 756 4941 Agatbatn,
783 4864 1327 4935 adltuc‘insnutulam,
1359 4883 1479 4922 cum
1521 4870 1832 4938 parentibus
1978 4884 2295 4926 omanorum
2346 4874 2399 4928 in
2448 4874 2859 4941 provincialium
2913 4873 3045 4924 illias
3100 4884 3165 4923 ac
3220 4868 3379 4937 conju
3421 4884 3502 4925 es.

269 4939 551 4997 Pauor-mo
574 4939 867 5005 Cntattam3
903 4934 1083 5007 ibique
1114 4939 1415 4993 adolevisse
1445 4956 1458 4990 z
1484 4942 1503 5009 (
1527 4939 1669 4992 uude
1702 4938 1836 4991 aiio·
1929 4939 2073 5009 Lege
2097 4944 2188 5008 qui
2212 4956 2272 4995 ea
2299 4944 2533 5011 requiris
2557 4979 2573 5004 ,
2599 4943 2742 5011 apud
2769 4941 3087 4996 Ciceronem
3126 4952 3245 5008 quae
3273 4937 3335 4991 C.
3418 4952 3506 4992 er-

269 5012 412 5079 quiu
441 5007 953 5077 catanensitncsjta
1000 5008 1190 5063 luisset
1224 5018 1367 5070 tiota,
1402 5019 1464 5063 ut
1508 5009 1645 5076 apud
1669 5005 1837 5073 Quin·
1932 5025 2022 5065 res
2076 5010 2283 5066 Praetor
2316 5012 2367 5063 in
2420 5012 2609 5066 eadem
2660 5012 2845 5064 sicilia
2896 5010 3145 5080 gesserit,
3197 5017 3252 5060 et
3304 5016 3412 5061 aet.
3446 5007 3502 5073 5,

275 5080 628 5144 tianumejus
666 5076 1004 5131 nobilitatem
1043 5092 1105 5131 :tc
1153 5077 1602 5147 pulchritudinem
1630 5078 1835 5145 deprae-
1941 5093 2062 5147 (μιν,
2109 5088 2266 5133 autea
2316 5080 2624 5148 Latnpsuci,
2677 5079 2995 5137 Sanctorins
3020 5080 3297 5133 existimat
3337 5078 3502 5142 Quiu-

271 5147 603 5217 dicareuti)
639 5160 703 5202 ac
727 5146 923 5201 deinde
955 5142 1282 5202 Panormum
1321 5146 1387 5201 ad
1412 5147 1554 5201 lares
1585 5155 1837 5216 paternos
1945 5152 2149 5201 tianum
2182 5150 2283 5202 sibi
2304 5151 2530 5215 inungere
2566 5151 2911 5203 matrimonio
2943 5151 3205 5216 agatham
3240 5147 3497 5202 voluisse.

273 5232 581 5271 reversam.
1942 5217 2045 5284 Qui
2079 5217 2241 5285 igitur
2272 5220 2443 5285 potuit
2495 5219 2917 5286 prtuientissimu
2957 5222 3113 5285 virgo
3137 5232 3231 5287 qu.
3271 5234 3308 5272 t.
3365 5234 3418 5270 n.
3445 5216 3503 5282 5,

353 5285 439 5355 (7)
469 5286 746 5356 Nusquam
778 5289 834 5344 iu
867 5287 1014 5345 scus
1039 5284 1265 5351 Latinis,
1300 5294 1357 5340 ut
1385 5286 1637 5347 diximus,
1675 5300 1828 5339 meu·
1934 5298 2149 5351 optare,
2183 5296 2242 5339 ut
2267 5288 2388 5340 talis
2423 5298 2569 5347 emet
2600 5303 2736 5341 uxor
2756 5289 3037 5354 Quintiani
3067 5289 3245 5356 qualis
3276 5292 3373 5342 dea
3407 5304 3504 5340 sua

275 5354 359 5409 tiu
408 5370 659 5424 expressa
695 5360 751 5413 lit
795 5356 966 5427 lugat:
1020 5370 1195 5423 neque
1226 5354 1291 5409 ad
1335 5355 1546 5424 nuptias
1593 5357 1828 5423 expetita
1935 5353 2139 5420 Venus,
2173 5356 2216 5409 si
2264 5357 2470 5410 sciebat
2495 5371 2616 5410 eum
2639 5372 2810 5412 uxore
2830 5373 3039 5421 curere,
3071 5372 3236 5426 seque
3270 5359 3339 5411 ad
3377 5356 3510 5425 iegi-

276 5424 484 5479 dicitur
515 5444 543 5477 a
573 5427 887 5494 Quintiano,
919 5426 1009 5494 qui
1045 5440 1264 5477 uxorem
1300 5424 1550 5484 babebat,
1603 5427 1692 5476 sed
1736 5438 1831 5493 pu·
1938 5426 2131 5478 timum
2165 5426 2468 5493 conjugium
2501 5426 2718 5493 expeti?
2792 5429 2895 5481 uod
2932 5438 3117 5481 vottnu
3157 5427 3393 5495 Vnguis
3426 5428 3500 5479 ita

277 5493 396 5545 tius
429 5494 495 5548 ad
528 5508 801 5565 stuprum,
837 5514 858 5548 ι
914 5507 969 5549 ιιι
1001 5495 1088 5562 qui
1126 5502 1244 5548 erat
1286 5495 1351 5548 de
1385 5507 1576 5557 genere
1617 5494 1832 5563 ignobili
1938 5495 2079 5547 idem
2111 5494 2429 5547 Sam-torius
2461 5496 2681 5564 exponit
2715 5514 2728 5549 ε
2820 5500 2990 5566 agabo
3007 5495 3188 5553 «iesum
3224 5496 3504 5551 Christum

281 5571 473 5625 tintus,
527 5580 624 5635 per
675 5569 776 5623 boc
808 5569 1125 5635 personaret
1184 5565 1250 5614 ud
1311 5578 1467 5615 :tures
1504 5562 1662 5629 vulgi,
1694 5564 1833 5630 quun!
1941 5563 2225 5617 Dominum
2260 5580 2460 5624 meum,
2494 5576 2552 5619 ut
2608 5580 2747 5621 uxor
2798 5577 2886 5620 tua
2919 5568 2936 5632 (
2969 5568 3018 5619 si
3053 5566 3210 5621 tltoro
3271 5568 3509 5621 lot-tasse

285 5637 482 5689 tantus
508 5649 653 5691 esset
675 5654 736 5689 nc
771 5636 912 5698 ulis,
949 5633 1036 5701 qui
1066 5640 1243 5700 posset
1274 5632 1434 5684 etium
1467 5632 1833 5693 spectabilium
1943 5648 2003 5687 es
2032 5633 2307 5703 inligatus)
2347 5634 2470 5688 tali-⁴
2500 5635 2742 5691 muribus
2783 5647 2839 5694 et
2875 5637 3044 5708 glutiat
3074 5638 3270 5693 evadat
3326 5635 3509 5708 qualis

299 5716 348 5754 s.
378 5698 428 5721 '⁶
581 5728 590 5736 ·
640 5723 654 5777 '.
689 5719 913 5759 ”sensu
971 5720 987 5756 t
1032 5701 1253 5757 Exstant
1289 5715 1484 5772 passim
1531 5704 1664 5771 apud
1699 5719 1834 5758 scit·
1942 5718 2188 5759 annorum
2223 5704 2404 5775 regina
2444 5702 2648 5761 Venus.
2687 5722 2709 5758 ι

419 5716 428 5733 1

409 5744 428 5772 δ
471 5758 498 5775 υ
