3984 6200
280 326 389 395 1381

1385 329 1669 392 ORATIO
1706 327 1790 393 IN
1828 331 1889 393 S.
1930 327 2316 393 AGATHAM.

3356 331 3499 402 12⁸2

257 451 494 497 ’amorem
509 441 809 503 vulneratis
825 443 1064 503 divinum
1092 448 1277 513 pectus
1296 437 1826 514 vulneraret,Spon·
1855 447 1910 526 ΑΙ
1932 439 2141 494 landem
2172 450 2225 496 et
2250 443 2508 495 honorem
2539 437 2774 495 nominis
2812 439 2912 506 tui,
2954 451 3008 497 et
3050 441 3102 498 in
3133 440 3357 513 gloriam
3383 445 3491 502 Ee·

277 529 407 602 sique
427 545 524 588 cor
552 535 869 591 transfixum
902 533 968 589 ad
989 532 1248 604 majorem
1279 530 1363 587 sui
1391 542 1629 584 amorem
1654 528 1821 585 illice-

273 631 346 678 ret
368 632 525 696 atque
547 623 923 683 inflammaret.

334 713 414 772 ta.
448 714 576 773 Post
609 713 1119 789 igiturmultiplices
1147 713 1448 768 intentatas
1477 710 1700 782 Agathae
1722 707 1821 764 mi·

275 818 376 869 nas,
402 803 467 858 ad
519 809 866 862 tenebrosum
921 806 1133 862 detrudi
1178 817 1457 860 carcerem
1508 816 1626 855 eam
1669 798 1824 869 jubet

276 891 599 961 Quintianus.
624 894 890 966 pergebat
911 887 1152 950 rcro'illa
1187 907 1380 963 magno
1405 891 1568 946 animi
1602 889 1818 960 gaudio,

272 982 541 1055 vultusque
556 983 740 1038 laetitia
767 1001 784 1051 ς
808 992 863 1040 et
898 983 1047 1055 quasi
1081 984 1146 1038 ad
1173 981 1408 1053 nuptiale
1433 979 1648 1051 epulum
1678 977 1821 1032 invi-

280 1081 402 1138 tata,
432 1071 499 1128 ad
543 1073 876 1143 ergastulum
929 1071 1075 1127 immi
1126 1073 1438 1140 depressum
1490 1071 1814 1126 maturabat.

270 1162 379 1230 Quo
419 1164 543 1218 dum
574 1164 717 1219 illam
762 1164 1025 1220 satellites
1067 1178 1260 1231 magno
1289 1160 1489 1231 impetu
1535 1161 1820 1216 detrudere

267 1253 611 1320 cornabantur,
675 1254 931 1310 divinitus
981 1251 1328 1317 factumest,
1365 1260 1425 1305 ut
1463 1251 1630 1306 durus
1684 1251 1820 1321 lapis

267 1344 480 1413 virginis
536 1345 763 1413 pedibus
810 1344 961 1416 quasi
1015 1341 1428 1398 venerabundus
1469 1342 1705 1406 cederet,
1756 1356 1818 1397 ac

263 1433 580 1490 lnnnobilem
626 1444 869 1490 servaret
908 1431 1215 1505 Agatham:
1260 1434 1412 1513 cuius
1445 1433 1666 1503 vestigia
1719 1433 1821 1488 ibi·

259 1524 376 1581 dein
431 1525 694 1594 impressa
743 1539 940 1595 magna
994 1538 1116 1578 cum
1170 1523 1445 1593 religionis
1473 1523 1818 1579 observantia

257 1628 438 1670 ornnes
472 1614 727 1669 mortales
757 1619 1121 1678 venerantum
1174 1622 1232 1666 nt
1261 1627 1356 1683 per
1385 1613 1488 1667 hoc
1518 1614 1681 1666 etiam
1717 1615 1817 1666 mi·

256 1704 489 1759 taculum
520 1689 770 1758 Christus
816 1702 916 1758 sibi
945 1702 1024 1775 (9)
1056 1704 1107 1757 in
1140 1702 1334 1757 coelum
1362 1701 1605 1757 hilariter
1628 1715 1818 1756 ascen-

256 1797 419 1862 denti,
446 1811 554 1850 aea
583 1796 742 1850 terris
767 1794 1424 1868 triuttipliaitti,3tgatham
1457 1793 1688 1848 similem
1723 1795 1815 1849 de-
1845 1779 1888 1836 Β

251 1885 520 1952 clararet,
570 1886 785 1941 etiamsi
831 1887 887 1940 in
937 1899 1212 1941 carcerem
1273 1884 1371 1944 illa
1429 1884 1808 1939 descenderent

249 1979 450 2048 quippe
473 1992 591 2046 qua:
622 1977 747 2031 illuc
774 1977 1006 2047 gloriose
1036 1975 1351 2041 incedendo,
1384 1974 1450 2030 de
1491 1974 1813 2045 Aphrodisia

248 2068 459 2124 devicta
495 2069 837 2125 laetissimum
887 2067 1214 2137 triumphum
1252 2065 1458 2136 angelis
1492 2075 1547 2121 et
1590 2065 1817 2121 homini-

246 2166 350 2218 bus
389 2175 548 2232 agere
570 2163 867 2217 videbatur.
947 2155 956 2164 “

319 2253 413 2308 ¹7.
441 2253 603 2324 Virgo
626 2253 787 2323 igitur
806 2251 991 2307 volens
1019 2264 1082 2306 ac
1123 2248 1313 2305 lubens
1343 2248 1398 2305 in
1421 2261 1698 2306 carcerem
1733 2248 1815 2304 in-

237 2343 524 2400 cluditur:
563 2343 650 2396 ubi
687 2352 896 2396 noctem
943 2340 1237 2394 insomnem
1268 2352 1455 2408 agens,
1510 2337 1813 2391 divinarum

239 2451 429 2491 rerum
461 2431 897 2504 contemplationi
933 2446 1054 2486 cum
1086 2429 1340 2501 lacrymis
1370 2444 1588 2498 operam
1623 2436 1814 2496 navat;

227 2537 418 2596 ‘utque
470 2525 575 2580 sibi
638 2523 885 2578 coelestes
941 2522 993 2576 in
1051 2535 1224 2592 agone
1275 2523 1612 2575 cruciatuum
1673 2521 1816 2575 vires

223 2612 500 2669 Cin-istus
560 2609 818 2681 sufficiat,
874 2621 1143 2680 precetur.
1196 2606 1298 2664 Vix
1356 2609 1627 2676 illuxerat,
1651 2618 1665 2640 ’
1691 2623 1814 2664 cum

230 2703 446 2759 iterum
503 2703 567 2757 ad
619 2701 854 2757 tribunal
895 2701 1173 2767 Quintiani
1231 2703 1386 2773 virgo
1429 2702 1683 2756 sistitur:
1723 2699 1813 2755 ubl

226 2813 372 2854 cum
404 2794 666 2850 audacter
684 2809 784 2864 pro
806 2793 1009 2849 Christi
1047 2794 1151 2850 lide
1179 2809 1244 2850 ac
1276 2794 1586 2866 virginitate
1617 2796 1811 2849 tuenda

226 2904 293 2945 se
318 2888 467 2943 niori
497 2885 656 2941 ntalle
689 2884 933 2956 professa
962 2897 1126 2951 esset,
1151 2886 1411 2940 continuo
1438 2885 1684 2940 inanibus
1717 2898 1812 2955 pe·

226 2981 515 3047 (libusque
552 2974 837 3046 colligatis,
874 2974 926 3029 in
958 2984 1260 3045 pra-parato
1287 2975 1612 3030 distenditur
1640 2989 1812 3046 equu-

227 3070 327 3127 leo
366 3087 383 3126 ε
422 3068 784 3139 expediuntur
833 3065 1006 3133 laces,
1041 3066 1268 3138 flagellis
1308 3066 1572 3138 virginale
1618 3082 1814 3139 corpus

225 3162 573 3219 obtunditur
594 3175 611 3226 ;
633 3158 826 3214 deinde
857 3159 1048 3215 ferreis
1071 3158 1285 3228 ungulis
1301 3173 1365 3213 ac
1393 3159 1625 3215 tidiculis
1647 3160 1813 3214 latera

224 3251 580 3310 sulcantur:
631 3258 745 3305 tum
793 3249 1154 3307 candentibus
1212 3252 1512 3305 aduruntur
1562 3251 1813 3319 laminis3

220 3345 468 3402 denium
488 3343 576 3398 vix
599 3354 772 3398 enaue
803 3349 1123 3411 torquemur
1152 3356 1420 3410 matnmae,
1452 3351 1507 3397 et
1528 3343 1817 3398 crudeliter

121 3433 130 3441 ”
219 3415 605 3492 (Ιιῖιιῑίοιιίιιιίε
640 3434 932 3504 forcipibus
982 3432 1368 3503 discerpuntur
1404 3450 1419 3488 z
1455 3435 1509 3489 in
1541 3448 1649 3506 quo
1694 3450 1817 3490 cru·

213 3526 392 3582 elatu
423 3523 766 3598 magnanima
801 3524 956 3594 virgo
980 3522 1299 3579 insolentem
1338 3526 1597 3578 saevitiam
1625 3538 1818 3593 expro-

211 3618 368 3674 brat
402 3617 741 3684 Quintiano:
802 3615 1126 3681 Enimvero,
1185 3615 1463 3685 inquiens,
1523 3616 1720 3686 impius
1762 3624 1819 3671 et

205 3707 487 3767 crudelis
536 3721 619 3773 es,
671 3715 879 3762 naturae
909 3707 1082 3762 hostis
1133 3708 1409 3773 humanae3
1463 3707 1659 3777 quippe
1707 3722 1815 3762 non

204 3798 528 3857 erubescis
563 3798 831 3854 mamillas
880 3799 1094 3854 saevitcr
1142 3797 1404 3865 amputari
1447 3798 1500 3851 in
1563 3796 1770 3866 virgine
1800 3836 1817 3863 ,

200 3905 382 3961 quas
410 3887 590 3943 inians
618 3887 814 3942 blande
841 3887 894 3941 in
928 3894 1103 3941 matre
1124 3884 1339 3939 suxisti.
1373 3885 1479 3940 Sed
1508 3899 1818 3955 quanquam

201 3982 418 4036 hasce
454 3980 688 4035 caducas
745 3976 1074 4049 praecidisti,
1135 3976 1549 4045 haudquaquam
1598 3978 1818 4042 alteras,

195 4082 384 4140 quas
413 4069 723 4124 reconditas
754 4069 808 4122 in
841 4068 1052 4135 anima,
1094 4067 1161 4122 ab
1189 4066 1416 4122 infantia
1447 4058 1661 4124 Christo
1699 4083 1820 4126 meo

195 4165 597 4216 eonasecratas
616 4171 794 4224 servo,
829 4159 1030 4228 poteris
1047 4157 1296 4213 avellere.

287 4248 413 4306 ¹8.
477 4247 777 4304 Excanduit
804 4248 1149 4315 Quintianus,
1185 4249 1277 4304 ubi
1333 4264 1439 4305 non
1475 4251 1650 4307 adhue
1684 4266 1820 4308 con·

187 4347 507 4399 stet-tiata}
546 4340 734 4409 puellae
790 4338 1085 4408 intrepidas
1128 4353 1288 4396 voces
1320 4356 1387 4396 ex
1408 4342 1548 4396 virili
1601 4353 1820 4411 pectore

1921 528 2103 584 etesiae
2149 539 2273 583 tuae.
2322 527 2387 582 Et
2420 542 2547 584 ecce
2579 529 2679 584 sub
2735 528 2923 584 mediae
2956 531 3134 587 noctis
3191 531 3492 600 silentium,

1919 614 2064 670 inter
2112 616 2232 671 illas
2272 617 2489 672 obscuri
2546 618 2785 673 carceris
2842 620 3094 674 tenebras
3115 658 3131 685 ,
3186 620 3490 676 veneranda

1919 705 2104 775 specie
2127 707 2340 775 quidam
2375 723 2540 764 senex
2568 708 2746 780 (quem
2779 724 2914 778 puer
2931 711 3174 779 pra-ibat,
3208 710 3495 781 lacemque

1919 794 2271 867 pra-ferebat)
2299 797 2496 867 illeque
2517 814 2577 853 se
2596 800 2923 869 chirurgiam
2947 801 3145 854 callere
3167 800 3488 866 affirmabat,

1920 897 1983 939 ac
2034 885 2386 955 pollicebatur
2455 888 2670 942 avulsas
2737 887 3003 942 mamillas
3068 890 3246 942 curari
3310 902 3486 957 posse.

1919 972 2055 1030 Tum
2089 976 2214 1031 illa:
2249 975 2639 1032 Medicamenta
2670 979 3486 1046 equidem.venerande-senex,

1918 1066 2131 1134 corpori
2164 1057 2284 1120 meo
2311 1081 2581 1137 nunqnam
2606 1067 2823 1122 exhibui
2845 1084 2862 1134 ;
2885 1069 2982 1123 sed
3008 1068 3178 1122 habeo
3202 1066 3486 1121 Dottiitiunt

1920 1171 2097 1209 meunt
2123 1155 2307 1211 lesum
2343 1156 2639 1223 Christum,
2665 1158 2763 1230 ‘qui
2787 1160 2944 1214 unico
2976 1172 3133 1225 nutu,
3163 1161 3208 1213 si
3239 1159 3482 1224 voluerit,

1918 1260 2006 1301 me
2053 1248 2288 1302 curabit.
2350 1247 2416 1302 Et
2469 1251 2589 1319 eg‘o,
2628 1251 2797 1320 inquit
2838 1266 3024 1315 senex,
3067 1250 3341 1319 apostolus
3370 1251 3487 1321 ejus

1918 1351 2037 1393 sum
2065 1348 2154 1404 ;et
2181 1338 2474 1393 innomine
2498 1338 2614 1407 ejus
2649 1343 2770 1395 veni
2796 1350 2851 1395 ut
2880 1351 3064 1396 curata
3097 1342 3193 1396 sis.

1991 1427 2079 1483 ¹9.
2115 1427 2221 1483 Sed
2256 1431 2385 1499 quid
2402 1444 2503 1499 ego
2534 1431 2587 1486 in
2622 1431 2723 1485 hoc
2752 1433 3027 1508 ergastulo
3051 1445 3254 1486 moram
3290 1429 3488 1487 traho?

1916 1517 2133 1574 Jamdiu
2186 1520 2314 1574 illud
2354 1522 2655 1578 Catanense
2690 1525 2962 1577 theatrum
2998 1523 3111 1578 suis
3144 1523 3298 1577 elatis
3326 1522 3481 1577 ssani-

1909 1610 2023 1663 'mis
2056 1624 2161 1675 me,
2183 1623 2385 1680 vosque
2412 1627 2601 1667 omncs
2645 1613 2892 1678 advocat,
2916 1616 3214 1684 animisque
3244 1629 3482 1684 praesen-

1919 1700 2063 1756 tibus
2089 1702 2397 1771 spectaculo
2424 1703 2621 1758 ibidem
2642 1704 2947 1758 exhibendo
2970 1720 3069 1759 nos
3096 1716 3275 1760 astare
3305 1704 3481 1774 jubet,

1916 1792 2004 1847 ubi
2035 1807 2197 1864 super
2221 1794 2557 1849 ssatnmantes
2582 1794 2864 1860 carbones,
2916 1794 3188 1865 ignitaque
3222 1807 3483 1852 testarum

1915 1884 2216 1955 fragmenta
2264 1887 2611 1941 tenerrimum
2645 1887 2871 1955 virginis
2921 1902 3117 1955 corpus
3162 1888 3481 1944 collocatur.

1915 1975 2089 2047 Atque
2112 1989 2256 2031 nunc
2281 1978 2396 2032 haec
2415 1977 2593 2032 lectuli
2624 1979 2834 2048 species
2861 1980 2948 2033 illa
2967 1981 3096 2035 mihi
3115 1980 3482 2047 videturesse,

1914 2077 2076 2134 quam
2101 2064 2342 2134 Sponsus
2362 2066 2385 2099 ⁹
2404 2067 2719 2122 describens
2749 2084 2778 2122 a
2808 2065 3032 2125 ssor'ibns
3061 2072 3485 2139 connnendavit,

1915 2154 2002 2208 cui
2037 2168 2135 2208 nee
2160 2170 2440 2224 purpureae
2467 2171 2602 2210 rosae
2639 2158 2833 2211 desunt
2866 2159 3150 2214 catidentis
3184 2159 3347 2229 ignis,
3385 2172 3484 2213 nec

1915 2244 2026 2300 lilia
2085 2249 2333 2317 corporis
2416 2249 2715 2318 virginalis.
2800 2246 3248 2318 Cotnplectantur
3317 2251 3482 2319 igitur

1916 2336 2068 2406 ignes
2104 2339 2265 2403 rosei,
2287 2345 2446 2408 atque
2477 2341 2717 2394 lambant
2743 2340 2942 2409 potius,
2965 2355 3129 2409 quam
3156 2340 3386 2396 adurant
3413 2341 3483 2395 li·-

1916 2427 2047 2481 lium
2073 2427 2373 2496 virginale:
2407 2430 2859 2499 complectantur,
2896 2433 3135 2501 inquam,
3168 2447 3343 2502 neque
3372 2431 3486 2504 spi-

1916 2517 2001 2570 nis
2034 2518 2146 2571 snis
2198 2519 2495 2573 dilacerent
2524 2537 2539 2574 ε
2578 2520 2789 2586 ardeat,
2823 2531 2881 2575 ut
2918 2522 3085 2587 lubet,
3122 2523 3262 2594 ignis
3287 2523 3340 2577 in
3374 2523 3486 2592 spi-

1916 2609 2020 2671 nis,
2041 2611 2183 2663 sicut
2204 2610 2255 2663 in
2282 2610 2418 2667 rubo
2439 2611 2482 2643 ¹⁶
2517 2611 2786 2679 Mosaic03
2814 2623 2869 2668 et
2890 2613 2936 2669 si
2969 2616 3292 2670 comburi-re
3314 2629 3484 2682 ainai,

1916 2714 2043 2755 snas
2064 2704 2344 2756 comburat
2372 2703 2579 2772 spinas,
2599 2705 2691 2759 sed
2731 2705 2848 2759 lilio
2874 2716 3061 2774 parcat
3085 2706 3484 2763 candidissimae

1916 2790 2262 2861 virginitatis.
2299 2791 2451 2848 lacet
2479 2795 2626 2849 enim
2659 2796 2906 2865 Agatha,
2937 2811 3002 2851 ac
3036 2796 3270 2852 vallatur
3323 2798 3483 2852 llam·

1916 2880 2042 2943 mis,
2077 2880 2219 2935 sicut
2250 2883 2423 2952 spinis
2447 2884 2638 2939 lilium.
2666 2884 3090 2955 Mereturhujus
3119 2889 3323 2957 praemii
3348 2904 3485 2958 prae·

1915 2972 2213 3043 rogativam
2246 2982 2431 3028 votum
2462 2972 2810 3046 virginitatis,
2842 2978 2907 3031 ab
2939 2978 3165 3033 infantia
3190 2978 3307 3034 Deo
3346 2995 3485 3035 nun·

1916 3073 2189 3131 cupatnm,
2217 3071 2271 3119 et
2309 3064 2511 3121 illibato
2534 3067 2765 3123 candore
2795 3078 3091 3124 servatum.

1985 3154 2078 3209 20.
2112 3154 2213 3211 Vix
2266 3158 2427 3228 igitur
2458 3159 2665 3227 Agatha
2716 3159 2866 3229 ignes
2898 3163 3173 3231 tetigerat,
3201 3177 3324 3217 cum
3356 3178 3488 3221 cccc

1914 3246 2091 3314 patria
2127 3247 2317 3313 tellus,
2374 3248 2495 3302 tiliae
2543 3265 2653 3304 suae
2684 3251 2857 3306 vicem
2899 3256 3193 3318 miserata,
3246 3256 3489 3313 funditus

1915 3341 2240 3394 contremuit
2274 3350 2370 3409 ;et
2394 3342 2551 3411 quasi
2590 3354 2835 3399 materno
2868 3359 3031 3400 sensu
3066 3348 3289 3416 praedita
3317 3357 3487 3417 esset,

1918 3427 2125 3495 apertis
2181 3444 2288 3484 non
2338 3446 2446 3484 uno
2474 3431 2526 3484 in
2563 3430 2680 3486 loeo
2725 3432 3006 3501 saucibus,
3049 3451 3147 3491 ore
3205 3439 3488 3509 multiplici

1915 3519 2295 3585 exclamabat,
2334 3523 2587 3591 clareque
2618 3526 2924 3579 testabatur
2946 3567 2961 3591 ,
2986 3540 3148 3596 qnam
3184 3531 3488 3585 vehemen-

1918 3617 2002 3664 ter
2050 3610 2278 3677 doleret,
2333 3626 2607 3682 quamque
2654 3613 2804 3683 juste
2844 3615 3119 3685 indignum
3160 3620 3489 3691 crudeleque

1915 3699 2046 3753 illud
2084 3702 2453 3769 spectaculum
2489 3703 2892 3772 detestaretur;
2951 3705 3156 3762 ineam
3193 3711 3352 3778 plane
3399 3726 3488 3765 ra·

1917 3792 2142 3855 tionem,
2166 3804 2268 3859 qua
2298 3806 2478 3845 rerum
2507 3794 2753 3848 omnium
2801 3796 3084 3851 conditore
3136 3797 3247 3853 Deo
3283 3800 3335 3854 in
3360 3817 3488 3855 crn-

1917 3896 2035 3938 ccm
2063 3892 2208 3945 acto,
2240 3883 2553 3937 universum
2578 3887 2910 3942 contremuit
2949 3897 3106 3942 terrae
3133 3889 3491 3958 elementum,

1918 3971 2155 4026 immane
2197 3967 2505 4026 Judaeorum
2557 3971 2754 4038 sceluS,
2789 3974 3120 4044 impiumque
3155 3978 3306 4033 nefas
3345 3978 3488 4035 ferre

1919 4076 2026 4117 non
2062 4050 2288 4119 valens}
2317 4059 2531 4118 Licet-et
2566 4062 2795 4118 tortasse
2828 4064 3098 4120 assirmare
3133 4066 3495 4124 catanensem

1923 4154 2171 4211 tellurem
2209 4156 2261 4211 id
2295 4158 2553 4227 temporis
2574 4156 2728 4226 quasi
2755 4155 3107 4212 ludibundam
3161 4161 3488 4229 exsultasse,

1921 4250 2258 4319 choreasque
2279 4250 2519 4313 duxisse,
2541 4250 2684 4320 qnod
2714 4251 2766 4304 in
2790 4249 2999 4306 lectulo·
3021 4251 3114 4306 illo
3140 4252 3308 4321 ignito
3333 4255 3499 4324 quast

1922 4341 1975 4395 ln
2009 4341 2204 4412 geniali
2237 4341 2498 4408 thalamo,
2538 4342 2703 4395 liliam
2722 4357 2878 4397 suam
2913 4342 3177 4413 Agatham
3200 4345 3503 4416 iamfihri-

180 4428 583 4507 prodeuntes
603 4430 830 4499 accepit.
852 4429 918 4483 Et
947 4444 1014 4485 ne
1048 4443 1109 4486 se
1134 4431 1332 4485 victum
1365 4428 1645 4500 fateretur,
1673 4438 1820 4505 Aga·
1851 4440 1896 4499 Β
1925 4434 1994 4489 sti
2017 4448 2273 4504 sponsam
2299 4434 2507 4487 videret
2529 4432 2872 4497 collocatam,
2893 4449 3117 4502 sperans
3136 4435 3202 4489 de
3228 4437 3501 4503 sanguine

184 4527 399 4581 tham
433 4524 487 4575 in
514 4535 788 4576 carcerem
823 4522 1004 4577 reduci
1050 4522 1236 4593 jubet,
1269 4524 1686 4594 custodibusque
1713 4526 1821 4581 edi·

180 4618 321 4681 cit.
371 4619 443 4667 ιιι
471 4612 816 4668 continenter
867 4615 1107 4683 vigilent,
1159 4629 1226 4670 ne
1258 4615 1380 4683 quis
1420 4631 1453 4670 e
1503 4620 1820 4688 propinquis

173 4707 569 4774 chia-urgunt
601 4704 902 4772 submittat,
934 4718 1038 4761 neu
1061 4705 1242 4761 cibum
1275 4718 1572 4776 potumque
1600 4708 1819 4764 clancu-

171 4800 344 4857 lum
409 4796 610 4851 audeat
656 4797 991 4852 ministrare.
1031 4795 1107 4852 lbi
1138 4798 1292 4868 virgo
1347 4798 1592 4863 inclusa,
1646 4801 1820 4856 sacris

169 4890 466 4947 intenta
514 4884 800 4953 precibus,
871 4886 1239 4955 hujuscemodi
1303 4891 1483 4946 verbis
1551 4888 1824 4948 Christum

173 4979 670 5048 alloquebatur:
699 4976 746 5034 0
773 4980 862 5049 qui
892 4995 1020 5035 vere
1043 4980 1284 5052 Sponsus
1308 4986 1631 5053 sanguinum
1653 4983 1676 5017 ⁸
1705 4983 1827 5053 jure

161 5086 410 5133 nusae
440 5070 546 5127 diei
575 5083 727 5141 potes
749 5110 765 5138 ,
794 5074 999 5142 gratias
1040 5073 1137 5128 tibi
1173 5089 1275 5144 ago
1305 5076 1660 5143 immortales,
1682 5076 1826 5146 quod

160 5177 321 5237 pet·
363 5162 677 5231 potentiam
708 5171 854 5216 tuam
901 5177 987 5218 me
1015 5166 1348 5234 superiorem
1385 5167 1669 5221 tormentis
1693 5164 1825 5221 ell'e·

149 5254 392 5315 cisti.
435 5250 679 5323 Suscipit,
710 5268 914 5323 quaeso,
951 5253 1115 5309 hosce
1143 5256 1382 5325 pectoris
1443 5256 1719 5311 cruciatus
1769 5255 1824 5310 in

264 5408 306 5443 ⁸
353 5403 652 5474 Exudav,
683 5404 776 5460 25.
850 5406 870 5438 ⁸
911 5403 1236 5474 Cant-t,15.
1313 5404 1358 5438 ⁸⁸
1395 5404 1566 5463 Exod.
1612 5422 1694 5475 ιιι,
1735 5405 1791 5461 2.

263 5554 406 5629 (9)
449 5554 612 5623 Cujus
647 5557 846 5627 quippe
884 5557 1071 5612 ultima
1093 5554 1317 5625 vestigia
1350 5555 1512 5611 humo
1555 5555 1817 5626 impressa

117 5636 210 5688 iu
282 5637 534 5682 :sanine
581 5625 776 5682 oliveti
830 5627 1094 5693 hodieque
1125 5636 1513 5689 tttottslrtttttur,
1543 5636 1601 5679 ut
1648 5627 1820 5693 pluri-

111 5707 312 5759 Lus
377 5690 620 5750 rantum
646 5709 711 5751 ac
747 5696 1137 5752 llistoricorum
1171 5695 1497 5750 testimoniis
1529 5700 1817 5750 continuat

1923 4527 2051 4582 sstiae
2107 4527 2373 4598 martyrio
2427 4524 2641 4582 sortiter
2686 4535 3102 4590 consummate,
3160 4524 3493 4582 uberrimam

1923 4626 2180 4685 nepotum
2221 4622 2459 4684 segetem
2517 4617 2583 4671 ad
2637 4616 3002 4686 evaiigelicam
3041 4616 3212 4669 lucem
3249 4616 3499 4670 naseitu-

1926 4722 2062 4762 ram.
2092 4706 2232 4762 Vere
2268 4707 2465 4762 etenim
2496 4707 2586 4761 ille
2617 4708 2818 4763 invitus
2847 4707 3139 4772 fatebatur,
3170 4707 3499 4773 sanguinem
3544 4712 3557 4721 ‘

1924 4808 2216 4867 martyrum
2266 4813 2387 4854 esse
2441 4814 2622 4854 semen
2670 4794 3270 4867 Christianorum„Sed
3322 4794 3501 4850 »inulto

1919 4892 2123 4945 certius
2153 4892 2405 4961 equidem
2427 4904 2646 4956 censeo,
2680 4882 2927 4945 eamdem
2975 4900 3134 4945 terrae
3175 4886 3486 4943 concussio-

1921 4996 2046 5035 nem
2070 4997 2176 5037 non
2210 4983 2279 5037 ab
2322 4997 2447 5037 aere
2496 4984 2547 5037 in
2584 4983 2702 5052 ejus
2734 4981 3032 5036 visceribus
3054 4979 3318 5035 violenter
3355 4991 3495 5033 con·

1921 5072 2095 5141 cluso,
2123 5088 2295 5143 neque
2315 5075 2470 5143 aquis
2499 5076 2566 5128 ab
2589 5074 2779 5129 iisdem
2801 5074 3115 5143 proecordiis
3142 5083 3495 5141 perrumpen-

1925 5163 2068 5220 tibus
2092 5165 2260 5220 luisse
2289 5164 2489 5220 factam
2519 5204 2535 5229 ,
2589 5163 2685 5219 sed
2715 5177 2843 5218 vero
2889 5165 2957 5217 ab
2996 5162 3203 5232 angelis
3258 5161 3326 5216 de
3354 5159 3500 5213 coelo

1925 5255 2399 5322 descetidentibt18‚
2445 5255 2643 5326 quibus
2690 5253 2959 5309 l'atttiliarc
2989 5265 3072 5309 est
3127 5265 3326 5308 terram
3359 5266 3495 5323 qua·

1925 5557 2192 5615 Baronius
2218 5567 2257 5618 t.
2290 5558 2308 5614 l
2359 5557 2559 5615 Annal.
2584 5559 2651 5614 ad
2678 5574 2769 5616 au.
2801 5560 2931 5618 Chr.
2962 5561 3053 5633 M,
3079 5577 3169 5619 nn.
3189 5556 3313 5614 232.
3338 5573 3493 5633 setm.

1926 5640 1983 5684 ct
2012 5632 2214 5700 passim
2261 5630 2353 5685 alii
2383 5630 2711 5700 Scriptores.
